1844 3223
202 162 282 204 1⁶24
835 173 898 203 Ex
926 173 1080 204 roxro

312 290 391 316 nec
422 282 562 316 tamen
595 274 736 316 officio
768 280 914 316 uatum
945 289 1022 330 per
1056 276 1245 316 carmina
1276 275 1389 317 facto

369 348 639 405 principibus
671 362 738 388 res
771 354 833 389 est
865 348 1005 404 aptior
1035 347 1121 389 ulla
1150 348 1269 390 uiris.

227 425 279 462 45
313 422 501 462 carmina
531 427 771 462 uestrarum
803 427 1014 477 peragunt
1045 422 1272 477 praeconia
1302 421 1499 475 laudum,

373 509 481 535 neue
515 495 569 535 sit
599 499 792 535 actorum
825 495 938 535 falna
972 494 1131 536 caduca
1164 501 1331 536 cauent.

310 568 496 609 carmine
528 567 574 608 fit
605 568 739 608 uiuax
770 569 906 609 uirtus
939 582 1182 624 expersque
1215 567 1407 624 sepulcri

366 641 563 682 notitiam
594 655 714 681 serae
745 641 1010 697 posteritatis
1042 641 1186 682 habet.

311 713 461 755 tabida>
491 714 703 755 consumit
733 714 892 755 ferrum
924 714 1197 770 lapidemque
1228 720 1443 767 uetustas,

226 791 280 827 50
365 786 565 842 nullaque
595 802 663 828 res
694 787 831 828 maius
863 793 1054 843 tempore
1084 787 1215 828 robur
1246 787 1396 828 habet:

311 860 472 915 scripta
503 859 647 900 ferunt-
677 874 824 901 annos.
872 860 1043 916 scriptis
1074 862 1401 915 Agamemnona
1432 862 1565 914 nosti,

368 939 409 973 et
441 933 635 988 quisquis
668 939 814 974 contra
845 932 914 974 uel
946 933 1073 975 simul
1104 948 1221 974 arina
1257 933 1367 975 tulit.

311 1005 406 1061 quis
438 1005 609 1046 Thebas
642 1012 890 1062 septemque
922 1006 1053 1048 duces
1086 1008 1178 1048 sine
1210 1007 1398 1047 carmine
1428 1013 1593 1060 nosset,

367 1085 407 1119 ct
440 1078 645 1134 quicquid
677 1086 773 1135 post
804 1079 930 1133 haec,
963 1080 1170 1136 quicquid
1202 1086 1243 1121 et.
1273 1086 1372 1121 ante
1403 1079 1518 1121 fuit?

227 1156 278 1191 05
311 1151 354 1193 di
387 1166 556 1207 quoque
588 1152 871 1207 carminibus,
905 1153 941 1194 si
972 1152 1037 1194 fas
1069 1160 1133 1195 est
1165 1153 1331 1207 dicere,
1364 1153 1492 1206 fiunt,

366 1231 570 1280 tantaque
601 1227 803 1267 maiestas
836 1240 908 1267 ore
940 1228 1132 1268 canentis
1165 1234 1275 1282 eget.

312 1299 373 1339 sie
405 1298 546 1339 Chaos
579 1313 633 1339 ex
665 1298 737 1339 illa
767 1306 947 1341 naturae
977 1299 1088 1341 mole
1119 1301 1275 1356 prioris

368 1372 586 1426 digestum
617 1379 761 1428 partes
793 1374 950 1414 scimus
981 1372 1137 1414 habere
1169 1388 1288 1414 suas:

312 1446 373 1485 sie
404 1444 673 1486 adfectantes
707 1445 907 1486 caelestia
937 1461 1069 1500 regna
1101 1445 1315 1501 Gigantas

229 1524 281 1557 (30
367 1517 422 1559 ad
455 1517 590 1574 Styga
622 1517 853 1560 nimbifero
885 1518 1070 1560 uindicis
1103 1519 1202 1573 igne
1234 1518 1378 1560 datos:

312 1592 374 1631 sie
404 1592 543 1633 uictor
573 1590 746 1632 laudem
777 1593 990 1649 superatis
1021 1592 1154 1634 Liber
1184 1591 1238 1633 ab
1270 1591 1416 1646 Indis,

365 1664 544 1706 Alcides
575 1671 700 1721 capta
730 1666 865 1707 traxit
894 1665 948 1706 ab
981 1664 1207 1707 Oechalia:

311 1744 351 1779 et
382 1738 529 1792 modo,
564 1738 745 1791 Caesar,
776 1753 927 1791 auum,
961 1753 1086 1795 quem
1117 1739 1255 1780 uirtus
1286 1738 1456 1781 addidit
1487 1741 1637 1792 astris,

368 1818 590 1852 sacrarunt
620 1811 766 1867 aliqua
797 1813 985 1852 carmina
1015 1818 1136 1868 parte
1166 1818 1301 1853 tuum.

227 1889 279 1925 65
311 1883 454 1940 siquid
485 1884 627 1925 adhue
658 1885 791 1940 igitur
821 1886 932 1938 uiui,
966 1885 1245 1938 Germanice,
1277 1891 1424 1926 nostro

366 1964 501 1999 restat
531 1958 577 1998 in
608 1959 804 2013 ingenio,
836 1960 996 2000 seruiet
1027 1973 1150 1999 omne
1181 1958 1276 2000 tibi.

311 2045 394 2071 non
425 2037 546 2086 potes
578 2031 768 2072 officium
798 2032 911 2073 uatis
943 2038 1214 2073 contemnere
1243 2038 1386 2073 uates:

366 2103 527 2145 iudicio
558 2105 740 2160 pretium
774 2119 842 2145 res
873 2104 1003 2145 habet
1034 2106 1117 2146 ista
1149 2111 1235 2146 tuo.

311 2176 425 2233 quod
455 2178 539 2219 nisi
570 2184 612 2219 te
642 2192 796 2219 nomen
827 2184 993 2219 tantum
1024 2178 1080 2218 ad
1109 2179 1270 2220 maiora
1299 2184 1510 2231 uocasset,

286 2305 329 2335 43
354 2314 398 2335 ne
425 2306 548 2335 tamen
573 2302 602 2333 Ε
628 2313 700 2336 non
725 2306 749 2335 t.
777 2303 807 2335 G
898 2305 942 2336 44
968 2305 1087 2346 aptior
1112 2303 1354 2345 ssDEk‘GLsP
1387 2304 1496 2335 altior
1521 2304 1548 2336 C
1575 2306 1715 2345 gratior

197 2349 262 2388 Νψ
289 2349 336 2379 ΙΙ.
375 2347 390 2389 ΙΙ
427 2348 494 2379 illa.
523 2348 613 2379 uiris
645 2347 666 2389 β
758 2350 802 2381 45
834 2354 1038 2381 nostrarum
1064 2354 1092 2388 ψ
1127 2346 1141 2390 ΙΙ
1173 2348 1318 2380 laudum
1346 2349 1374 2380 1'
1407 2360 1523 2381 rerum
1557 2350 1584 2380 E
1669 2351 1713 2382 46

199 2393 336 2425 actoris
362 2393 392 2425 N
425 2393 566 2425 auctori
595 2392 624 2425 G
658 2397 845 2425 auctorum
879 2393 984 2435 βΡεψ
1078 2395 1120 2426 48
1151 2394 1320 2425 notitiam
1353 2404 1438 2435 sepe
1465 2395 1494 2425 L
1526 2392 1540 2436 ΙΙ
1572 2394 1711 2438 habent

197 2438 311 2470 habet
336 2438 365 2468 F
436 2439 479 2469 40
504 2436 660 2479 lapidem
687 2438 892 2480 ferrumque
919 2439 945 2470 C
973 2438 1185 2480 lapidesque
1212 2444 1240 2478 ψ
1313 2441 1351 2470 51
1380 2439 1495 2471 nostis
1520 2440 1616 2480 ELu,
1670 2443 1712 2472 52

197 2483 255 2514 uel
283 2483 446 2524 quisquis
471 2494 490 2514 τ
560 2483 604 2514 54
629 2483 793 2524 quisquis
819 2484 871 2515 Nr
903 2481 918 2525 Η
949 2483 1017 2515 hoc
1043 2495 1060 2514 τ
1091 2481 1105 2524 Η
1140 2487 1179 2514 ut.
1205 2487 1289 2515 ante
1316 2483 1345 2515 G
1417 2486 1458 2515 55
1485 2487 1541 2515 est
1565 2485 1711 2517 credere

197 2528 226 2558 L
258 2525 273 2569 Η
305 2528 436 2559 uiuunt
460 2538 480 2559 τ
542 2529 583 2559 57
610 2527 714 2560 molis
739 2529 770 2559 D
834 2531 875 2561 59
901 2529 1071 2570 gigantes
1089 2527 1395 2570 BCDEFGLsNP
1421 2529 1594 2570 gigantas
1619 2530 1666 2561 Il.

197 2573 240 2604 60
265 2573 457 2604 nimbifero
483 2571 570 2614 fiLO
594 2584 650 2613 pr.
677 2573 801 2606 Medic.
828 2580 858 2614 ψ
877 2574 924 2604 ΙΙ.
950 2573 1119 2605 nubifero
1145 2573 1362 2605 DEFGsNP
1387 2573 1561 2606 fulmineo
1587 2574 1614 2606 C
1669 2576 1710 2606 61

196 2617 340 2649 laudem
366 2618 484 2648 uictor
508 2617 540 2649 N
609 2618 651 2648 62
678 2617 841 2649 alchides
868 2619 896 2649 L
928 2615 943 2659 ΙΙ
976 2618 1113 2649 traxhit
1138 2618 1167 2649 L
1199 2616 1214 2659 Η
1247 2618 1385 2649 etholia
1410 2618 1606 2651 CDEFGL
1633 2623 1711 2651 eta-

196 2662 249 2693 lia
275 2662 302 2693 P
372 2664 415 2694 65
440 2663 560 2693 uiuum
589 2662 616 2693 C
680 2664 722 2694 66
748 2663 792 2694 ab
819 2663 966 2704 ingenio
993 2663 1020 2694 G
1051 2666 1085 2693 et
1112 2663 1255 2704 ingenio
1281 2663 1310 2694 L
1343 2661 1358 2704 Η
1389 2664 1529 2694 seruiat
1554 2663 1607 2696 Gt
1668 2666 1710 2696 67

197 2717 265 2738 nee
291 2707 321 2737 D
354 2704 369 2748 ll
400 2707 586 2747 ingenium
612 2708 644 2739 N
675 2705 689 2750 ΙΙ
722 2712 827 2740 uates
853 2710 1111 2749 contempnere
1138 2708 1234 2739 uatis
1259 2708 1288 2738 L
1351 2709 1393 2739 69
1419 2718 1549 2740 numen
1574 2720 1593 2740 τ
1618 2708 1710 2741 Βαν-

197 2762 304 2784 mmm,
337 2749 351 2772 ¹¹
385 2751 530 2783 tulisset
554 2758 584 2792 ψ

309 2843 361 2879 44
392 2814 528 2891 gratior
555 2845 640 2880 IIJI
