1844 3223
610 205 691 259 ΙΙΙ,
724 211 759 252 8,
796 210 954 250 11-9,
989 210 1051 246 30.
1513 202 1590 242 105

195 320 401 363 iudicium
433 326 574 361 tamen
606 319 675 361 hie
706 326 897 361 nostrum
930 333 1012 359 non
1045 317 1203 372 decipit
1236 329 1372 357 error:

249 408 345 446 nec,
379 393 583 450 quicquid
614 394 764 448 genui,
797 393 989 449 protinus
1023 390 1128 431 illud
1160 404 1268 430 amo.

194 481 268 507 cur
300 467 451 521 igitur,
484 468 519 507 si
552 481 618 507 me
648 465 774 507 uideo
807 465 1076 520 delinquere,
1110 477 1281 520 peccem

251 546 291 580 et
323 541 461 595 patiar
491 540 650 596 scripto
682 540 841 579 crimen
873 540 1015 579 inesse
1043 536 1201 591 rogas?

115 617 161 653 15
193 627 277 653 non
309 612 457 653 eadem
489 614 597 653 ratio
630 619 715 665 est,
748 612 907 652 sentire
939 617 978 651 et
1011 609 1181 650 demere
1212 607 1405 649 morbos:

249 699 397 726 sensus
429 686 538 726 inest
571 686 755 737 cunctis,
788 683 952 726 tollitur
981 690 1073 724 arte
1103 681 1274 723 malum.

193 772 322 814 saepe
352 757 525 814 aliquod
557 758 734 800 uerbum
767 759 941 815 cupiens
973 762 1139 797 mutare
1169 754 1346 810 reliqui,

249 830 454 872 iudicium
485 832 597 872 uires
630 832 952 886 destituuntque
983 843 1137 870 meum.

193 918 318 960 saepe
350 905 467 960 piget
494 930 539 934 —
563 904 665 960 quid
699 905 810 945 enim
843 903 1037 944 dubitem
1067 903 1148 943 tibi
1179 916 1281 942 uera
1305 899 1463 941 fateri?
1492 925 1530 929 ³-

110 980 162 1018 20
248 979 462 1032 corrigere
494 985 534 1019 et
566 977 682 1032 longi
713 978 825 1018 ferre
856 977 1015 1017 laboris
1048 991 1169 1016 onus.

194 1049 451 1091 scribentem
484 1052 600 1092 iuuat
632 1052 722 1107 ipse
756 1050 874 1091 labor
905 1051 1143 1104 minuitque
1176 1047 1383 1097 laborem,

250 1138 429 1179 cumque
459 1139 533 1164 suo
565 1138 760 1165 crescens
792 1131 962 1179 pectore
994 1122 1129 1163 feruet
1160 1135 1279 1177 opus.

193 1197 406 1251 corrigere
437 1205 480 1238 at
511 1212 578 1238 res
611 1204 671 1238 est
704 1204 822 1238 tanto
853 1197 992 1251 magis
1022 1195 1177 1247 ardua,
1211 1199 1369 1250 quanto

247 1284 428 1325 magnus
459 1270 710 1311 Aristarcho
742 1271 877 1310 maior
908 1269 1121 1310 Homerus
1155 1275 1257 1308 erat.

110 1346 160 1384 25
194 1343 254 1384 sic
285 1344 474 1384 animum
506 1342 620 1385 lento
652 1357 847 1384 curarum
879 1342 1040 1397 frigore
1070 1340 1223 1393 laedit,

248 1423 293 1458 ut
325 1416 472 1474 cupidi
503 1431 649 1457 cursus
682 1419 797 1457 frena
828 1422 1013 1457 retentat
1044 1415 1156 1470 equi.

192 1496 320 1546 atque
352 1490 410 1532 ita
442 1490 486 1531 di
516 1491 641 1531 mites
672 1491 866 1531 minuant
896 1489 1001 1530 mihi
1033 1487 1228 1529 Caesaris
1260 1487 1389 1539 iram,

249 1577 430 1620 ossaque
461 1571 611 1620 pacata
641 1570 785 1604 nostra
816 1568 1017 1617 tegantur
1047 1561 1195 1613 humo,

191 1642 239 1677 ut
269 1636 374 1677 mihi
405 1637 577 1678 conanti
606 1650 924 1691 nonnumquam
947 1634 1169 1676 intendere
1201 1647 1323 1676 curas

110 1713 163 1750 30
248 1709 444 1751 fortunae
475 1711 639 1766 speeies
671 1708 813 1751 obstat
843 1708 997 1749 acerba
1027 1721 1167 1760 meae,

172 1819 209 1850 11
238 1822 398 1851 nostrum
423 1823 547 1851 tamen
572 1820 630 1851 hic
656 1818 873 1851 CDVeFGm
897 1821 1022 1850 tantus
1048 1821 1207 1849 nostrum
1233 1817 1261 1848 P
1333 1818 1372 1848 12
1399 1816 1496 1857 gessi
1514 1816 1541 1847 F

83 1864 123 1895 13
149 1864 180 1895 si
205 1873 276 1895 non
302 1863 328 1895 C
361 1862 376 1907 Η
407 1864 450 1896 de
478 1875 532 1896 me
558 1876 576 1896 τ
608 1862 623 1906 Η
654 1864 798 1895 uideam
824 1864 915 1904 Vpr.
943 1875 973 1896 ιι.
1000 1864 1060 1903 Ζ.ψ
1086 1863 1132 1893 Η.
1167 1861 1292 1894 uideor
1317 1873 1336 1893 τ
1408 1863 1448 1892 14
1473 1862 1592 1903 patior

80 1907 163 1940 DsP
189 1909 312 1950 patiar
336 1908 358 1951 β
388 1919 478 1942 corr.
506 1909 592 1950 quid
618 1910 740 1950 patiar
764 1919 784 1940 τ
872 1911 911 1940 15
936 1918 1003 1940 nee
1028 1908 1056 1939 F
1087 1904 1102 1949 ’ἶ
1137 1907 1263 1939 eadem
1289 1910 1345 1938 est
1376 1907 1470 1938 ratio
1496 1906 1524 1937 P

83 1954 122 1984 17
148 1963 259 1995 saepe
286 1954 430 1995 quidem
456 1966 474 1986 τ
512 1951 527 1996 Η
566 1954 704 1995 aliquid
736 1952 781 1995 [in
807 1951 945 1996 rasura]
980 1952 1129 1994 aliquod
1155 1953 1183 1983 F
1213 1948 1229 1993 Η
1269 1952 1419 1993 cupiens
1444 1952 1592 1983 uerbum

80 1998 131 2030 Εε
157 1998 206 2029 H.
244 1996 259 2040 ΙΙ
297 1998 459 2041 relinquo
490 2000 523 2031 N
553 2000 630 2031 edd.
662 2003 742 2030 uett.
774 1999 822 2030 H.
918 2000 958 2030 18
987 1997 1246 2039 ingeniumque
1278 1996 1307 2027 F
1344 1994 1359 2038 Η
1393 1996 1593 2028 destituere

82 2041 209 2079 CEGw
282 2045 322 2075 19
348 2045 442 2075 enim
468 2047 626 2075 metuam
653 2043 714 2076 CG
735 2041 749 2085 Η
774 2043 877 2076 modo
894 2053 984 2075 uera
1009 2042 1037 2073 P
1099 2043 1142 2074 20
1166 2042 1244 2073 ueri
1270 2041 1298 2072 l'
1326 2041 1426 2082 longi
1450 2043 1481 2073 V
1550 2042 1591 2072 21

81 2088 286 2120 scribentes
304 2089 332 2121 P
362 2086 378 2131 ΙΙ
409 2088 513 2121 labor
538 2088 646 2132 βΟΥε
671 2098 761 2120 corr.
780 2094 810 2129 ψ
833 2088 992 2130 probauit
1008 2086 1153 2119 Bentlei.
1171 2087 1277 2118 fauor
1295 2085 1554 2119 CDEFGLNP
1574 2084 1590 2127 Η

798 2141 914 2168 rendere

81 2175 205 2209 dolore
231 2183 260 2217 ψ
332 2180 373 2210 22
400 2188 513 2210 erese.
541 2178 698 2220 pondere
724 2185 754 2217 ψ
780 2151 925 2221 fieetore
950 2178 979 2208 F
1050 2178 1092 2209 23
1119 2180 1155 2208 et
1180 2186 1238 2207 res
1257 2175 1416 2214 CGPVw
1439 2173 1454 2218 Η
1477 2176 1593 2207 maius

82 2220 104 2263 β
129 2232 218 2255 corr.
245 2223 360 2255 minus
378 2224 524 2256 Bentlei.
550 2226 606 2266 qui
622 2236 674 2255 uu.
690 2226 744 2256 221.
762 2226 805 2256 25
823 2224 984 2255 delendos
1002 2223 1129 2254 censuit
1191 2222 1233 2252 24
1250 2221 1364 2289 uiaitor
1381 2221 1593 2278 {Jristarcho

1284 2273 1316 2289 ΕΠ
1333 2272 1398 2289 11111-

82 2310 236 2341 magnus
263 2312 301 2334 ετ
376 2304 418 2335 25
443 2303 497 2334 sic
526 2304 682 2335 animum
709 2296 1016 2344 fiCDEFGLNPs
1041 2301 1133 2332 haec
1159 2299 1209 2332 M.
1242 2297 1256 2341 Η
1287 2299 1387 2332 lento
1418 2298 1440 2343 β
1471 2299 1595 2331 latiori

83 2345 110 2377 C
142 2343 157 2387 Η
189 2345 321 2378 lectum
351 2346 381 2378 l‘
407 2347 543 2379 lentum
576 2349 606 2379 V
637 2347 774 2380 lentum
807 2347 836 2378 G
868 2344 883 2388 ΙΙ
914 2345 1030 2378 laedit
1055 2344 1076 2387 β
1108 2355 1198 2377 corr.
1231 2344 1372 2376 mordet
1403 2356 1422 2376 τ
1453 2345 1595 2387 frigora

81 2389 233 2422 laedunt
258 2391 286 2423 P
306 2388 322 2434 Η
356 2402 521 2424 curarum
547 2393 681 2435 frigore
707 2391 844 2423 mordet
872 2392 899 2423 L
926 2392 977 2422 sie
1004 2401 1038 2422 a.
1064 2390 1162 2422 lento
1189 2400 1219 2422 e.
1247 2390 1288 2421 fr.
1314 2393 1438 2431 torpor
1464 2390 1509 2420 Vt
1535 2400 1593 2420 cu-

82 2434 157 2476 pidi
183 2446 306 2468 cursor
332 2436 375 2469 fr.
403 2440 468 2468 ret.
497 2438 579 2479 equi
603 2439 687 2470 coni.
722 2437 860 2475 W'illcof
914 2437 957 2468 26
983 2440 1024 2467 ut
1049 2434 1071 2477 β
1093 2445 1186 2467 corr.
1210 2439 1251 2466 ut
1275 2435 1390 2476 capiti
1415 2434 1442 2465 C
1468 2438 1507 2465 ut
1533 2445 1593 2466 cu-

82 2479 158 2521 pidi
183 2480 380 2513 DEGLNP
404 2486 445 2513 ut
469 2482 588 2523 rapidi
612 2488 642 2523 ψ
673 2486 714 2514 ut
738 2481 858 2523 cupidi
884 2481 998 2522 siquis
1024 2481 1056 2512 N
1083 2484 1119 2512 et
1153 2479 1284 2521 cupide
1308 2482 1394 2519 coni‚
1427 2479 1595 2511 W‘alslcer.

80 2528 192 2566 utque
218 2526 317 2557 auidi
339 2537 406 2559 scr.
425 2526 475 2558 M.
501 2537 617 2559 uersus
640 2529 683 2559 21
709 2537 810 2568 usque
835 2527 882 2558 ad
904 2528 947 2557 26
971 2528 1047 2567 plus
1067 2535 1135 2557 nno
1160 2528 1232 2557 loco
1257 2526 1420 2565 corrupti,
1443 2525 1595 2563 fortasse

80 2570 287 2611 interpolati.
324 2569 338 2613 Η
370 2581 493 2603 cursor
517 2582 647 2603 erasum
678 2573 711 2604 in
735 2570 756 2612 β
783 2580 907 2603 cursus
932 2571 960 2602 l'
987 2580 1111 2602 cursor
1134 2570 1163 2600 E
1196 2567 1212 2611 Η
1243 2572 1403 2600 retentet
1427 2573 1456 2608 ψ
1483 2572 1597 2600 retor-

81 2618 168 2655 quet
192 2615 256 2654 Νψ
326 2618 367 2648 27
394 2616 556 2648 dimittes
583 2627 598 2648 ε
620 2615 635 2658 Η
659 2617 732 2648 iras
757 2616 788 2647 N
858 2617 900 2648 28
925 2616 1168 2647 destituantur
1196 2624 1211 2645 ε
1239 2612 1295 2654 [cf.
1323 2614 1523 2654 Zinzerling.
1540 2624 1594 2654 pr.

80 2661 165 2727 cruz-¹
186 2671 220 2701 p.
248 2659 329 2703 257]
364 2666 574 2730 pglesrgantur
604 2662 636 2694 N
727 2662 769 2693 29
794 2659 822 2692 l'
854 2661 1062 2702 impendere
1088 2659 1116 2690 E
1150 2655 1165 2700 Η
1197 2668 1302 2690 curas
1335 2655 1369 2700 [s
1393 2659 1427 2689 in
1458 2655 1545 2701 ras.]
1573 2657 1595 2700 β

83 2746 178 2780 euris
205 2738 233 2769 F
303 2741 346 2772 30
375 2739 490 2772 distat
515 2750 530 2771 ε

34 2859 37 2861 .
197 2831 246 2868 13
279 2832 529 2876 uideaurHM
617 2831 666 2867 17
698 2832 842 2878 cupiens
874 2829 1022 2866 uerbum
1053 2831 1140 2866 HM
1221 2829 1385 2877 reliiiquo
1416 2830 1459 2867 Η
1544 2829 1589 2865 21

82 2880 186 2922 fauor
216 2887 299 2924 HM
384 2888 435 2924 25
468 2889 552 2924 haec
583 2888 626 2924 M
711 2886 761 2923 26
796 2891 905 2934 utque
937 2885 1029 2922 auidi
1060 2887 1104 2922 M
1159 2897 1285 2922 cursor
1315 2886 1356 2920 Η
