1844 3223
654 117 714 172 ΙΙ,
751 124 812 163 10,
848 123 1106 163 16—11‚·2.
1584 124 1631 163 71

148 234 199 272 35
231 244 358 286 saepe
389 230 532 271 breuis
564 229 686 271 nobis
718 229 886 271 uicibus
918 232 989 272 uia
1019 231 1113 271 uisa
1144 230 1373 287 loquendi,

287 301 514 358 pluraque,
545 303 582 343 si
612 317 832 357 numeres,
864 303 996 344 uerba
1028 304 1146 344 suere
1176 304 1334 358 gradu:

229 389 357 431 saepe
388 375 480 416 dies
513 389 707 416 sermone
737 376 876 417 minor
906 376 1009 429 fuit,
1041 377 1171 432 inque
1202 375 1463 432 loquendum

285 447 408 488 tarda
437 462 514 504 per
543 449 730 490 aestiuos
762 448 901 489 defuit
930 448 1034 489 hora
1065 449 1172 490 dies.

232 527 296 561 est
326 519 490 576 aliquid
522 535 645 562 casus
676 521 835 576 pariter
865 521 1062 562 timuisse
1093 522 1280 563 marinos

145 597 200 635 40
285 594 514 649 iunctaque
544 593 598 634 ad
629 607 862 648 aequoreos
894 600 995 634 uota
1025 592 1177 634 tulisse
1208 593 1334 636 deos:

226 671 268 707 et
297 665 424 707 modo
454 680 522 707 res
553 667 693 721 egisse
724 665 872 718 simul,
903 665 1030 707 modo
1061 681 1207 707 rursus
1238 667 1292 707 ab
1324 666 1410 708 illis

282 753 462 794 quorum
493 753 576 780 non
607 738 767 794 pudeat
796 753 923 794 posse
953 738 1113 779 referre
1144 739 1273 781 iocos.

225 810 329 852 haee
360 811 440 852 tibi
473 825 569 853 eum
599 811 803 865 subeant,
834 811 974 852 absim
1003 810 1124 864 lieet,
1157 811 1353 854 omnibus
1385 814 1509 854 annis

279 890 380 924 ante
409 890 505 925 tuos
537 883 702 937 oculos,
734 891 780 926 ut
811 883 937 926 modo
967 885 1109 937 uisus,
1143 899 1227 926 ero.

140 960 192 997 45
222 957 315 1013 ipse
346 956 518 1012 quidem
547 963 692 999 arctoo
723 972 819 998 eum
851 958 931 999 sim
962 956 1042 999 sub
1074 957 1249 998 cardine
1280 958 1430 999 mundi

280 1030 352 1086 qui
381 1043 548 1086 semper
578 1029 754 1086 liquidis
785 1029 912 1072 altior
942 1036 1061 1071 extat
1091 1031 1236 1086 aquis,

221 1108 264 1143 te
293 1109 436 1144 tamen
465 1103 634 1144 intueor
665 1118 747 1159 quo
779 1102 868 1144 solo
899 1109 1074 1159 pectore
1105 1118 1279 1158 possum

279 1182 319 1216 et
349 1182 491 1217 tecum
520 1175 666 1230 gelido
696 1190 824 1232 saepe
855 1175 934 1216 sub
966 1189 1048 1216 axe
1078 1175 1242 1231 loquor.

219 1247 290 1289 hic
320 1262 363 1289 es
395 1255 436 1290 et
465 1249 661 1303 ignoras:
695 1254 736 1289 et
765 1247 868 1289 ades
900 1247 1202 1290 celeberrimus
1232 1248 1412 1302 absens,

136 1325 191 1363 50
274 1322 404 1378 inque
436 1320 570 1363 Getas
600 1320 744 1362 media
773 1321 914 1362 iussus
945 1321 1000 1362 ab
1030 1321 1137 1362 urbe
1166 1323 1304 1362 uenis.

218 1394 352 1436 redde
380 1395 541 1448 uicem,
575 1401 637 1448 et,
669 1395 869 1450 quoniam
898 1395 1018 1449 regio
1048 1393 1219 1435 felicior
1248 1395 1332 1436 ista
1363 1402 1446 1449 est,

274 1469 373 1510 istie
403 1482 471 1508 me
500 1468 678 1509 memori
707 1474 881 1523 pectore
911 1481 1079 1523 semper
1108 1466 1231 1508 habe.

107 1592 172 1636 11.
223 1590 319 1633 Hoc
348 1591 454 1645 tibi,
485 1591 620 1643 Rufe,
651 1591 774 1632 breui
805 1598 1078 1646 properatum
1110 1598 1302 1647 tempore
1331 1592 1465 1632 mittit

274 1665 413 1718 Naso,
444 1679 594 1721 parum
626 1664 794 1705 faustae
824 1662 1021 1705 conditor
1050 1664 1194 1717 Artis,
1228 1678 1358 1719 opus:

194 1791 237 1823 35
261 1790 400 1822 uicibus
425 1790 531 1822 nobis
557 1789 584 1821 C
614 1790 678 1821 uia
702 1799 830 1822 mensa
853 1789 884 1821 N
910 1754 972 1821 uia
996 1762 1141 1821 uieaibus
1168 1790 1196 1821 B
1212 1787 1228 1832 Η
1251 1789 1424 1831 loquendi
1450 1793 1504 1822 est
1530 1789 1618 1832 EGfi

103 1843 275 1921 loquelndii²
295 1883 350 1912 est
378 1880 409 1912 L
442 1882 457 1923 ΙΙ
495 1880 580 1912 hunc
610 1885 643 1912 et
671 1890 765 1922 seqq.
796 1889 914 1910 uersus
943 1880 1005 1911 lzoe
1035 1880 1170 1911 ordine:
1215 1881 1270 1911 35.
1305 1881 1361 1912 38.
1395 1882 1450 1913 36.
1485 1882 1529 1911 37
1559 1882 1622 1911 sed

103 1926 212 1957 literis
236 1936 283 1958 α.
301 1925 342 1957 ὁ.
356 1936 396 1957 c
415 1927 439 1957 d
461 1926 588 1957 additis
612 1935 711 1956 uerus
736 1926 821 1957 ordo
845 1925 1051 1965 siynificalus
1069 1924 1097 1955 F
1169 1925 1211 1956 36
1230 1924 1362 1966 gradus
1378 1924 1405 1956 B
1477 1926 1518 1956 37
1544 1935 1618 1955 ser-

103 1979 245 2002 monem
251 1971 321 2037 dior
344 1970 375 2001 A
399 1970 468 2001 fuit
492 1970 608 2002 minor
631 1970 695 2002 FR
726 1967 741 2012 [Ι
771 1968 953 2010 loquendo
979 1968 1197 2001 DEFGLsP
1282 1969 1326 2001 38
1351 1969 1476 2000 defluit
1500 1974 1530 2010 ψ
1557 1970 1618 2001 de-

103 2036 178 2068 ficit
202 2041 256 2105 ψο
251 2011 369 2076 daffuit
391 2037 421 2068 F
451 2034 467 2079 11
498 2047 562 2069 ora
586 2037 617 2068 A
709 2039 752 2070 39
776 2037 915 2079 paliter
946 2046 1052 2068 casus
1085 2035 1178 2068 CDL
1211 2034 1226 2078 Η
1257 2036 1416 2068 tenuisse
1450 2041 1479 2078 ψ
1574 2038 1617 2069 40

104 2113 281 2145 equoreas
304 2104 333 2136 B
363 2101 381 2147 Η
411 2104 585 2146 iuntaque
610 2105 638 2136 P
709 2106 750 2135 41
777 2112 918 2135 rurssus
941 2104 971 2135 l:
1042 2105 1084 2135 42
1111 2113 1181 2145 qua
1205 2113 1277 2134 non
1300 2114 1357 2134 me
1383 2103 1518 2144 pudeat
1542 2104 1571 2134 B

103 2148 248 2181 refferre
272 2149 302 2181 F
381 2151 424 2181 43
449 2149 479 2181 si
505 2150 659 2182 subeant
686 2139 916 2182 CDEFG'NR
947 2145 961 2189 Η
992 2148 1108 2189 ipsam
1133 2149 1221 2180 licet
1246 2149 1276 2179 A
1303 2147 1368 2179 abs
1372 2148 1419 2179 im
1445 2148 1534 2179 licet
1560 2141 1615 2189 βΟ

104 2194 226 2226 absint
249 2193 336 2226 licet
351 2199 382 2236 ψ
409 2193 540 2226 absens
566 2194 654 2226 licet
671 2194 735 2225 LN
758 2193 846 2226 licet
863 2194 921 2225 hic
946 2193 1054 2224 simB
1081 2193 1140 2224 hic
1165 2194 1232 2224 sim
1257 2193 1344 2224 lieet
1362 2192 1490 2224 CDEF
1495 2193 1576 2225 sPR
1609 2206 1611 2233 1

102 2293 196 2316 omn.
209 2246 321 2316 lhagnplnss
342 2284 372 2316 L
397 2283 496 2316 horis
519 2289 550 2324 ψ
619 2284 663 2315 44
688 2286 784 2315 certe
799 2281 1103 2326 AfissCDEGLPs
1130 2285 1229 2314 certo
1253 2282 1381 2323 FNRu,
1408 2285 1482 2314 toto
1508 2294 1527 2314 τ
1553 2292 1614 2323 ge-

101 2327 176 2360 lido
201 2332 232 2367 ψ
257 2328 400 2360 incerto
424 2333 454 2368 ψ
480 2332 640 2360 extremo
665 2339 685 2361 τ
710 2328 849 2370 positus
873 2333 904 2368 ψ
931 2327 1084 2359 extremi
1108 2326 1174 2359 OH
1206 2328 1359 2359 extremi
1383 2327 1523 2369 positus
1550 2328 1614 2359 sub

101 2383 130 2405 c.
157 2377 246 2405 auct.
271 2374 366 2408 elec-t.
386 2373 496 2442 flon-
521 2377 644 2405 arctoo
667 2374 802 2415 scripsi.
821 2373 1018 2405 climateD
1049 2371 1064 2414 [ἱ
1096 2372 1218 2404 mondi
1234 2374 1263 2404 F
1332 2373 1375 2404 46
1401 2377 1523 2404 exstat
1547 2372 1576 2403 B

417 2423 496 2442 01:101*

100 2434 258 2493 liquides
282 2451 312 2482 F
342 2448 358 2493 Η
389 2451 498 2491 altior
522 2452 552 2483 L
643 2452 687 2483 47
710 2447 749 2484 te
771 2452 801 2483 F
834 2449 850 2493 ΙΙ
881 2451 975 2492 quod
999 2451 1028 2482 F
1118 2451 1163 2483 48
1194 2451 1259 2482 sub
1285 2461 1374 2483 corr.
1401 2450 1439 2493 β,
1463 2451 1614 2490 fortasse

98 2497 166 2537 fuit
189 2497 228 2527 in
250 2506 393 2538 premor
416 2507 436 2527 τ
502 2498 547 2529 49
570 2496 638 2528 hoc
654 2499 777 2529 tamen
794 2497 942 2537 ignoras
967 2506 987 2527 τ
1008 2493 1024 2538 Η
1045 2495 1111 2528 sed
1134 2497 1224 2528 abes
1241 2496 1296 2527 Nz
1313 2495 1376 2527 sed
1395 2495 1481 2527 ades
1500 2494 1553 2537 βΕ

102 2542 146 2574 50
162 2540 300 2573 medios
316 2540 504 2581 DEGstp
521 2539 536 2583 ΙΙ
551 2541 650 2573 uisus
676 2540 840 2573 CDEGN
852 2541 972 2572 uissus
989 2541 1017 2572 P
1034 2542 1134 2572 nisus
1152 2541 1180 2571 F
1207 2540 1337 2572 missus
1362 2551 1382 2571 τ
1444 2542 1483 2572 51
1504 2539 1613 2572 reddo

100 2585 132 2618 A
147 2583 163 2628 H
186 2589 223 2617 et
240 2596 300 2620 om.
319 2585 352 2617 D
375 2583 390 2628 ΙΙ
411 2546 504 2617 illan,
496 2585 595 2626 DGzp
658 2587 702 2618 52
725 2586 801 2618 istu
825 2587 972 2618 memori
996 2586 1027 2617 A
1052 2587 1089 2616 in
1112 2585 1260 2616 memori
1283 2585 1315 2616 D
1339 2584 1417 2616 illie
1442 2590 1472 2625 ψ

191 2641 238 2678 11,
266 2643 306 2673 11
345 2640 474 2672 RVFO
499 2640 554 2683 Αβ
589 2640 645 2673 Ad
674 2641 809 2674 Rufum
833 2642 862 2674 B
898 2642 954 2673 Ad
977 2641 1110 2673 Rufum
1141 2641 1297 2672 amicum
1328 2650 1438 2682 suum,
1456 2640 1485 2671 Ε
1517 2640 1612 2672 hane

102 2685 294 2728 epistolam
318 2686 432 2717 mittit
455 2685 549 2718 Rufo
574 2686 602 2718 P
696 2688 713 2718 1
739 2685 828 2718 ruffe
854 2687 884 2718 L
955 2687 975 2717 2
1000 2686 1120 2718 fauste
1144 2685 1176 2716 A

213 2777 266 2816 43
299 2777 462 2814 omnibus
495 2778 591 2813 horis
623 2779 665 2814 Η
747 2777 801 2814 45
833 2779 980 2813 extremi
1011 2779 1053 2814 H
1122 2783 1217 2813 certe
1248 2778 1291 2813 J!
1361 2777 1414 2815 50
1443 2778 1541 2813 uisus
1573 2778 1615 2813 Η
