1844 3223
228 158 306 197 1:²2
856 170 916 199 fix
947 169 1099 199 rouro

393 271 665 326 inpositoque
698 269 830 311 Getes
861 270 940 310 sub
972 269 1082 326 pede
1113 269 1271 311 multus
1305 278 1407 312 erat.

337 351 498 399 pugnat
529 343 581 383 ad
617 341 859 398 exemplum
891 343 1017 398 primi
1049 343 1186 384 minor
1213 343 1363 384 ordine
1394 343 1490 400 pili,

255 424 307 458 ,50
396 416 611 471 multaque
643 415 723 456 fert
756 414 877 456 miles
910 415 1112 468 uulnera,
1145 415 1276 457 multa
1310 416 1425 460 farcit.

338 490 413 530 sed
445 495 610 529 tautum
641 489 780 529 uirtus
811 487 918 529 alios
951 495 1021 529 tua
1054 491 1257 544 praeterit
1289 504 1460 542 onmes,

393 569 492 603 ante
524 563 629 602 citos
663 568 869 617 quantuni
902 562 1091 616 Pegasus
1123 562 1211 603 ibat
1246 577 1390 618 equos.

337 636 526 676 uincitur
557 635 764 690 Aegisos:
798 641 1038 690 testataque
1069 641 1237 691 teinpus
1269 636 1312 676 in
1344 650 1467 675 omne

395 714 490 749 sunt
524 714 617 759 tua,
650 707 860 760 Vestalis,
895 708 1081 748 carmine
1113 708 1225 749 faeta
1258 722 1363 749 meo.

227 856 268 898 8.
344 855 506 895 Littera
539 869 631 895 sera
665 855 858 910 quidem,
892 855 1046 896 studiis
1079 854 1249 896 exculte
1281 853 1427 907 Suilli,

395 927 476 968 hue
508 934 579 968 tua
612 928 828 983 peruenit,
862 927 937 968 sed
969 927 1075 968 mihi
1105 933 1225 982 grata
1258 935 1422 979 tamen,

340 1016 443 1056 qua,
477 1001 545 1056 pia
579 1001 614 1041 si
648 1001 780 1055 possit
816 1015 991 1056 superos
1024 1000 1158 1042 lenire
1188 999 1380 1055 rogando

395 1075 556 1129 gratia,
590 1073 775 1114 laturum
806 1080 846 1114 te
878 1073 984 1114 mihi
1015 1073 1125 1114 dieis
1158 1088 1295 1130 opem.

283 1154 305 1189 5
339 1156 382 1188 ut
416 1148 498 1187 iam
530 1146 590 1187 nil
623 1154 832 1203 praestes,
866 1148 999 1187 animi
1029 1162 1123 1188 sum
1155 1147 1294 1188 faetus
1326 1147 1452 1187 amici

397 1220 565 1261 debitor
597 1227 638 1261 et
669 1221 867 1261 meritum
900 1219 1010 1260 uelle
1041 1221 1190 1260 iuuare
1221 1235 1340 1261 uoeo.

342 1296 510 1349 inpetus
543 1294 623 1334 iste
655 1300 752 1334 tuus
785 1292 957 1347 longum
990 1293 1115 1334 modo
1147 1293 1270 1334 duret
1303 1294 1345 1333 in
1376 1308 1528 1333 aeuum

396 1382 504 1407 neue
537 1366 659 1406 malis
692 1367 829 1421 pietas
862 1367 915 1406 sit
948 1374 1020 1407 tua
1052 1366 1162 1407 lassa
1196 1368 1315 1407 meis.

341 1442 405 1481 ius
437 1439 609 1495 aliquod
644 1439 807 1479 faciunt
838 1439 996 1479 adfinia
1028 1439 1197 1480 uincula
1231 1439 1376 1490 nobis,

262 1520 310 1553 lo
397 1528 505 1568 quae
537 1527 704 1568 semper
734 1519 933 1553 maneant
966 1511 1224 1554 inlabefacta
1258 1527 1422 1569 preeor.

340 1601 436 1627 nain
469 1586 549 1628 tibi
581 1600 689 1642 quae
721 1587 930 1638 coniunx,
964 1586 1111 1626 eadem
1142 1587 1248 1626 mihi
1281 1585 1365 1626 lilia
1399 1599 1533 1641 paene
1565 1593 1650 1637 est,

399 1667 437 1701 et
470 1674 576 1715 quae
608 1666 649 1700 te
681 1674 906 1713 generum,
939 1674 1006 1700 me
1037 1666 1161 1701 uocat
1194 1659 1265 1700 illa
1298 1660 1451 1700 uirum.

343 1734 379 1774 ei
411 1733 536 1784 mihi,
569 1733 605 1773 si
636 1732 756 1773 lectis
792 1732 954 1773 uultum
983 1739 1029 1773 tu
1060 1732 1256 1774 uersibus
1289 1733 1384 1773 istis

398 1807 519 1847 ducis
552 1813 590 1846 et
622 1806 808 1846 adfinem
840 1812 881 1846 te
912 1805 1045 1861 pudet
1078 1820 1169 1846 esse
1201 1806 1362 1846 meum!

262 1886 308 1920 15
340 1887 381 1921 at
415 1879 523 1920 nihil
554 1879 621 1919 hie
654 1878 832 1933 dignum
863 1880 1024 1934 poteris
1056 1879 1245 1934 reperire
1276 1878 1439 1934 pudore

398 1959 566 2009 praeter
595 1952 834 2005 fortunam,
868 1966 975 2008 quae
1006 1951 1111 1993 mihi
1143 1966 1268 1993 caeca
1301 1951 1395 1992 fuit.

343 2042 415 2067 seu
445 2041 581 2080 genus
614 2026 828 2078 excutias,
862 2026 1026 2081 equites
1058 2025 1112 2065 ab
1144 2025 1310 2079 origine
1341 2024 1478 2080 prima

319 2166 361 2197 49
386 2165 423 2196 iu
449 2163 652 2205 exemplum
681 2173 696 2195 ε
767 2164 807 2195 51
837 2166 958 2194 tamen
986 2166 1021 2194 et
1046 2162 1075 2193 Ε
1107 2159 1122 2204 ΙΙ
1153 2162 1306 2204 proterit
1333 2173 1350 2193 τ
1382 2159 1396 2202 ΙΙ
1429 2171 1542 2193 annes
1567 2162 1630 2192 tua
1654 2161 1683 2192 1⁴*

229 2212 270 2241 52
296 2210 365 2242 ibit
390 2209 442 2251 βΟ
469 2209 538 2240 ibis
564 2220 583 2240 τ
653 2210 694 2240 53
722 2209 843 2249 egiros
871 2208 1028 2239 CFGLP
1055 2218 1183 2248 egyros
1208 2205 1297 2248 Νψβ

320 2279 382 2318 IV,
408 2279 427 2309 8
499 2275 628 2308 Suillio
655 2275 675 2316 β
702 2275 831 2307 Suillio
859 2275 975 2307 amieo
1002 2285 1065 2307 suo
1090 2275 1119 2306 E
1146 2274 1241 2306 hane
1275 2273 1466 2314 epistolam
1494 2273 1605 2304 mittit
1631 2272 1743 2305 Suillo

229 2369 256 2399 P
331 2370 346 2398 1
375 2366 520 2398 exculta
545 2367 593 2398 Pz
621 2329 772 2409 exli-elit}
799 2366 826 2396 F
858 2363 872 2407 ΙΙ
905 2365 1028 2397 siuille
1055 2364 1082 2396 C
1175 2366 1194 2396 2
1221 2363 1288 2395 hue
1314 2373 1456 2404 quoque
1477 2361 1512 2395 N
1603 2366 1623 2396 3
1649 2372 1743 2404 quae

228 2413 259 2444 N
286 2413 400 2453 possit
428 2410 478 2453 Ιβ]
505 2412 569 2443 cluo
594 2411 671 2442 libri
696 2412 741 2444 ll.
769 2414 892 2452 posset
916 2409 1167 2441 DEFGLNsP
1193 2419 1319 2450 posses
1339 2409 1364 2439 t:
1382 2406 1396 2449 ΙΙ
1414 2407 1596 2450 precando
1614 2407 1695 2440 ΕΠΖ

229 2460 249 2489 4
275 2461 313 2488 tu
338 2458 366 2488 L
400 2455 414 2498 ΙΙ
447 2455 539 2497 quod
566 2455 592 2486 C
665 2457 684 2486 ἴ)
710 2458 749 2487 ut
775 2455 860 2486 mihi
886 2454 936 2486 nil
960 2454 1058 2486 FGL
1085 2457 1124 2485 ut
1149 2454 1236 2485 mihi
1262 2464 1332 2485 non
1352 2454 1443 2485 CNP
1513 2455 1534 2485 (3
1559 2463 1652 2485 uoca
1671 2452 1697 2484 C

230 2504 248 2534 7
275 2501 363 2533 mihi
390 2502 494 2532 duret
520 2500 682 2540 CchLw
709 2501 777 2531 tibi
802 2506 831 2539 ψ
858 2500 961 2531 modo
988 2499 1133 2541 longum
1159 2500 1189 2530 N
1283 2499 1303 2530 8
1329 2498 1434 2539 lapsa
1461 2498 1558 2533 GNw
1590 2498 1691 2530 uie-ta
1717 2497 1743 2529 C

230 2547 334 2589 pulsa
360 2558 378 2578 τ
449 2550 468 2577 9
495 2545 622 2577 affinia
648 2545 669 2588 β
696 2545 853 2576 confinia
879 2545 965 2576 DLs
997 2542 1011 2585 Η
1043 2544 1205 2575 earmina
1232 2542 1264 2575 8²
1336 2545 1376 2575 10
1402 2542 1495 2585 quod
1521 2543 1551 2574 G
1624 2545 1660 2574 11
1690 2546 1745 2574 est

230 2604 290 2623 um.
317 2590 357 2633 βε
431 2593 469 2622 12
496 2594 509 2631 t
534 2600 589 2622 me
617 2591 643 2621 F
720 2593 758 2622 13
783 2589 852 2621 heu
880 2590 910 2621 G
935 2587 1021 2628 §hei
1050 2590 1076 2620 F
1104 2589 1163 2620 hei
1188 2589 1309 2630 reliqui
1331 2588 1405 2620 illis
1432 2598 1448 2620 ε
1532 2589 1571 2619 14
1597 2587 1744 2619 affinem

235 2636 290 2678 {af
314 2638 346 2667 in
372 2634 454 2677 ras]
483 2637 510 2667 L
544 2633 558 2676 ΙΙ
591 2635 693 2677 piget
717 2640 746 2676 ψ
819 2636 859 2666 15
884 2635 954 2665 hoe
979 2635 1009 2665 N
1041 2632 1056 2676 Η
1088 2635 1226 2676 poteris
1251 2633 1397 2675 dignum
1414 2634 1444 2664 D
1471 2632 1658 2674 indiguum
1677 2632 1704 2664 C
1725 2630 1740 2674 Η

231 2693 376 2734 pudoris
404 2703 422 2723 τ
449 2683 583 2732 1111416ῗὲ
614 2691 641 2721 F
739 2692 778 2721 17
805 2690 834 2721 si
861 2700 973 2731 genus
1000 2690 1028 2721 E
1057 2691 1103 2721 Il.
1136 2688 1150 2732 11
1190 2689 1354 2722 excutias
1386 2687 1415 2720 l’
1449 2688 1611 2730 inquiras
1637 2689 1665 2719 E
1691 2689 1743 2719 in-

231 2738 354 2778 quiras
380 2738 442 2775 Lu>

345 2842 395 2877 53
427 2851 601 2887 aegypsos
633 2842 672 2877 ll
