<?xml version="1.0" encoding="UTF-8"?>
<!DOCTYPE html PUBLIC "-//W3C//DTD XHTML 1.0 Transitional//EN"
    "http://www.w3.org/TR/xhtml1/DTD/xhtml1-transitional.dtd">
<html xmlns="http://www.w3.org/1999/xhtml" xml:lang="en" lang="en">
 <head>
  <title>
</title>
<meta http-equiv="Content-Type" content="text/html;charset=utf-8" />
  <meta name='ocr-system' content='tesseract 3.04.00' />
  <meta name='ocr-capabilities' content='ocr_page ocr_carea ocr_par ocr_line ocrx_word'/>
</head>
<body>
  <div class='ocr_page' id='page_1' title='image "./expontolibriquat00oviduoft_0077.png"; bbox 0 0 1844 3223; ppageno 0'>
   <div class='ocr_carea' id='block_1_1' title="bbox 694 153 1607 208">
    <p class='ocr_par' dir='ltr' id='par_1_1' title="bbox 694 153 1607 208">
     <span class='ocr_line' id='line_1_1' title="bbox 694 153 1607 208; baseline -0.004 -12"><span class='ocrx_word' id='word_1_1' title='bbox 694 155 754 208; x_wconf 83' lang='grc' dir='ltr'>ΙΙ,</span> <span class='ocrx_word' id='word_1_2' title='bbox 784 159 820 199; x_wconf 78' lang='lat'>2,</span> <span class='ocrx_word' id='word_1_3' title='bbox 846 158 1020 196; x_wconf 70' lang='lat'>19-50.</span> <span class='ocrx_word' id='word_1_4' title='bbox 1558 153 1607 193; x_wconf 80' lang='lat'>41</span> 
     </span>
    </p>
   </div>
   <div class='ocr_carea' id='block_1_2' title="bbox 130 264 1618 1632">
    <p class='ocr_par' dir='ltr' id='par_1_2' title="bbox 130 264 1618 1632">
     <span class='ocr_line' id='line_1_2' title="bbox 215 264 1477 323; baseline -0.004 -15"><span class='ocrx_word' id='word_1_5' title='bbox 215 267 289 320; x_wconf 77' lang='lat' dir='ltr'>da,</span> <span class='ocrx_word' id='word_1_6' title='bbox 321 282 490 323; x_wconf 80' lang='lat' dir='ltr'>precor,</span> <span class='ocrx_word' id='word_1_7' title='bbox 524 281 745 308; x_wconf 76' lang='lat' dir='ltr'>accessum</span> <span class='ocrx_word' id='word_1_8' title='bbox 776 266 985 318; x_wconf 79' lang='lat' dir='ltr'>lacrimis,</span> <span class='ocrx_word' id='word_1_9' title='bbox 1017 264 1264 317; x_wconf 66' lang='lat' dir='ltr'>mitissime,</span> <span class='ocrx_word' id='word_1_10' title='bbox 1296 265 1477 317; x_wconf 74' lang='lat' dir='ltr'>nostris,</span> 
     </span>
     <span class='ocr_line' id='line_1_3' title="bbox 269 337 1299 394; baseline -0.005 -14"><span class='ocrx_word' id='word_1_11' title='bbox 269 355 348 380; x_wconf 87' lang='lat' dir='ltr'>nee</span> <span class='ocrx_word' id='word_1_12' title='bbox 378 339 563 394; x_wconf 85' lang='lat' dir='ltr'>rigidam</span> <span class='ocrx_word' id='word_1_13' title='bbox 595 338 758 381; x_wconf 83' lang='lat' dir='ltr'>timidis</span> <span class='ocrx_word' id='word_1_14' title='bbox 791 338 968 380; x_wconf 82' lang='lat' dir='ltr'>uocibus</span> <span class='ocrx_word' id='word_1_15' title='bbox 1001 337 1111 378; x_wconf 87' lang='lat' dir='ltr'>obde</span> <span class='ocrx_word' id='word_1_16' title='bbox 1142 337 1299 377; x_wconf 85' lang='lat' dir='ltr'>forem:</span> 
     </span>
     <span class='ocr_line' id='line_1_4' title="bbox 213 409 1494 468; baseline -0.002 -16"><span class='ocrx_word' id='word_1_17' title='bbox 213 411 430 468; x_wconf 83' lang='lat' dir='ltr'>uerbaque</span> <span class='ocrx_word' id='word_1_18' title='bbox 462 420 607 453; x_wconf 81' lang='lat' dir='ltr'>nostra</span> <span class='ocrx_word' id='word_1_19' title='bbox 637 413 785 453; x_wconf 77' lang='lat' dir='ltr'>fauens</span> <span class='ocrx_word' id='word_1_20' title='bbox 818 412 1009 453; x_wconf 81' lang='lat' dir='ltr'>Romana</span> <span class='ocrx_word' id='word_1_21' title='bbox 1039 410 1094 450; x_wconf 88' lang='lat' dir='ltr'>ad</span> <span class='ocrx_word' id='word_1_22' title='bbox 1125 410 1299 450; x_wconf 82' lang='lat' dir='ltr'>numina</span> <span class='ocrx_word' id='word_1_23' title='bbox 1330 409 1473 465; x_wconf 82' lang='lat' dir='ltr'>perfer</span> <span class='ocrx_word' id='word_1_24' title='bbox 1484 441 1494 461; x_wconf 85' lang='lat'><em>,</em></span> 
     </span>
     <span class='ocr_line' id='line_1_5' title="bbox 130 483 1243 541; baseline -0.002 -17"><span class='ocrx_word' id='word_1_25' title='bbox 130 489 184 527; x_wconf 78' lang='lat'>40</span> <span class='ocrx_word' id='word_1_26' title='bbox 270 499 355 526; x_wconf 90' lang='lat' dir='ltr'>non</span> <span class='ocrx_word' id='word_1_27' title='bbox 385 485 464 526; x_wconf 86' lang='lat' dir='ltr'>tibi</span> <span class='ocrx_word' id='word_1_28' title='bbox 497 485 680 541; x_wconf 80' lang='lat' dir='ltr'>Tarpeio</span> <span class='ocrx_word' id='word_1_29' title='bbox 712 483 825 525; x_wconf 83' lang='lat' dir='ltr'>culta</span> <span class='ocrx_word' id='word_1_30' title='bbox 856 484 1050 524; x_wconf 79' lang='lat' dir='ltr'>Tonante</span> <span class='ocrx_word' id='word_1_31' title='bbox 1080 483 1243 536; x_wconf 64' lang='lat' dir='ltr'>minus,</span> 
     </span>
     <span class='ocr_line' id='line_1_6' title="bbox 215 557 1615 613; baseline -0.004 -15"><span class='ocrx_word' id='word_1_32' title='bbox 215 557 492 613; x_wconf 81' lang='lat' dir='ltr'>mandatique</span> <span class='ocrx_word' id='word_1_33' title='bbox 522 558 605 598; x_wconf 84' lang='lat' dir='ltr'>mei</span> <span class='ocrx_word' id='word_1_34' title='bbox 636 557 802 612; x_wconf 80' lang='lat' dir='ltr'>legatus</span> <span class='ocrx_word' id='word_1_35' title='bbox 835 557 1003 612; x_wconf 80' lang='lat' dir='ltr'>suscipe</span> <span class='ocrx_word' id='word_1_36' title='bbox 1035 569 1228 608; x_wconf 80' lang='lat' dir='ltr'>eausam,</span> <span class='ocrx_word' id='word_1_37' title='bbox 1583 563 1615 592; x_wconf 71' lang='grc'>17»</span> 
     </span>
     <span class='ocr_line' id='line_1_7' title="bbox 270 627 1352 686; baseline -0.003 -16"><span class='ocrx_word' id='word_1_38' title='bbox 270 629 386 671; x_wconf 87' lang='lat' dir='ltr'>nulla</span> <span class='ocrx_word' id='word_1_39' title='bbox 416 644 508 671; x_wconf 87' lang='lat' dir='ltr'>meo</span> <span class='ocrx_word' id='word_1_40' title='bbox 541 630 736 686; x_wconf 82' lang='lat' dir='ltr'>quamuis</span> <span class='ocrx_word' id='word_1_41' title='bbox 768 629 938 669; x_wconf 88' lang='lat' dir='ltr'>nomine</span> <span class='ocrx_word' id='word_1_42' title='bbox 973 643 1099 669; x_wconf 76' lang='lat' dir='ltr'>eausa</span> <span class='ocrx_word' id='word_1_43' title='bbox 1130 627 1241 668; x_wconf 80' lang='lat' dir='ltr'>bona</span> <span class='ocrx_word' id='word_1_44' title='bbox 1274 633 1352 668; x_wconf 77' lang='lat' dir='ltr'>est.</span> 
     </span>
     <span class='ocr_line' id='line_1_8' title="bbox 215 699 1378 759; baseline -0.002 -17"><span class='ocrx_word' id='word_1_45' title='bbox 215 703 298 743; x_wconf 91' lang='lat' dir='ltr'>iam</span> <span class='ocrx_word' id='word_1_46' title='bbox 328 717 461 758; x_wconf 85' lang='lat' dir='ltr'>prope</span> <span class='ocrx_word' id='word_1_47' title='bbox 492 703 736 759; x_wconf 76' lang='lat' dir='ltr'>depositus,</span> <span class='ocrx_word' id='word_1_48' title='bbox 770 708 885 742; x_wconf 82' lang='lat' dir='ltr'>certe</span> <span class='ocrx_word' id='word_1_49' title='bbox 916 702 1000 742; x_wconf 86' lang='lat' dir='ltr'>iam</span> <span class='ocrx_word' id='word_1_50' title='bbox 1030 699 1217 756; x_wconf 86' lang='lat' dir='ltr'>frigidus</span> <span class='ocrx_word' id='word_1_51' title='bbox 1248 714 1378 754; x_wconf 80' lang='lat' dir='ltr'>aeger</span> 
     </span>
     <span class='ocr_line' id='line_1_9' title="bbox 271 774 1213 832; baseline 0 -17"><span class='ocrx_word' id='word_1_52' title='bbox 271 782 466 816; x_wconf 85' lang='lat' dir='ltr'>seruatus</span> <span class='ocrx_word' id='word_1_53' title='bbox 497 790 573 832; x_wconf 89' lang='lat' dir='ltr'>per</span> <span class='ocrx_word' id='word_1_54' title='bbox 604 782 667 828; x_wconf 82' lang='lat' dir='ltr'>te,</span> <span class='ocrx_word' id='word_1_55' title='bbox 701 775 737 816; x_wconf 88' lang='lat' dir='ltr'>si</span> <span class='ocrx_word' id='word_1_56' title='bbox 769 774 894 816; x_wconf 87' lang='lat' dir='ltr'>modo</span> <span class='ocrx_word' id='word_1_57' title='bbox 927 788 1094 827; x_wconf 83' lang='lat' dir='ltr'>seruor,</span> <span class='ocrx_word' id='word_1_58' title='bbox 1128 788 1213 815; x_wconf 89' lang='lat' dir='ltr'>ero.</span> 
     </span>
     <span class='ocr_line' id='line_1_10' title="bbox 131 846 1235 904; baseline -0.002 -16"><span class='ocrx_word' id='word_1_59' title='bbox 131 851 182 889; x_wconf 78' lang='lat'>45</span> <span class='ocrx_word' id='word_1_60' title='bbox 214 862 327 889; x_wconf 89' lang='lat' dir='ltr'>nune</span> <span class='ocrx_word' id='word_1_61' title='bbox 357 854 432 890; x_wconf 80' lang='lat' dir='ltr'>tua</span> <span class='ocrx_word' id='word_1_62' title='bbox 463 863 539 904; x_wconf 83' lang='lat' dir='ltr'>pro</span> <span class='ocrx_word' id='word_1_63' title='bbox 572 847 695 889; x_wconf 81' lang='lat' dir='ltr'>lassis</span> <span class='ocrx_word' id='word_1_64' title='bbox 726 848 888 889; x_wconf 83' lang='lat' dir='ltr'>nitatur</span> <span class='ocrx_word' id='word_1_65' title='bbox 917 848 1057 902; x_wconf 82' lang='lat' dir='ltr'>gratia</span> <span class='ocrx_word' id='word_1_66' title='bbox 1086 846 1235 899; x_wconf 81' lang='lat' dir='ltr'>rebus,</span> 
     </span>
     <span class='ocr_line' id='line_1_11' title="bbox 269 920 1618 977; baseline -0.004 -15"><span class='ocrx_word' id='word_1_67' title='bbox 269 921 477 977; x_wconf 78' lang='lat' dir='ltr'>principis</span> <span class='ocrx_word' id='word_1_68' title='bbox 508 922 672 962; x_wconf 90' lang='lat' dir='ltr'>aeterni</span> <span class='ocrx_word' id='word_1_69' title='bbox 703 935 829 976; x_wconf 84' lang='lat' dir='ltr'>quam</span> <span class='ocrx_word' id='word_1_70' title='bbox 860 920 940 962; x_wconf 88' lang='lat' dir='ltr'>tibi</span> <span class='ocrx_word' id='word_1_71' title='bbox 970 925 1159 976; x_wconf 82' lang='lat' dir='ltr'>praestat</span> <span class='ocrx_word' id='word_1_72' title='bbox 1189 934 1320 961; x_wconf 87' lang='lat' dir='ltr'>amor.</span> <span class='ocrx_word' id='word_1_73' title='bbox 1574 926 1618 957; x_wconf 69' lang='lat'>50</span> 
     </span>
     <span class='ocr_line' id='line_1_12' title="bbox 213 991 1400 1049; baseline -0.002 -15"><span class='ocrx_word' id='word_1_74' title='bbox 213 1008 326 1034; x_wconf 88' lang='lat' dir='ltr'>nune</span> <span class='ocrx_word' id='word_1_75' title='bbox 356 993 438 1035; x_wconf 88' lang='lat' dir='ltr'>tibi</span> <span class='ocrx_word' id='word_1_76' title='bbox 469 1000 511 1035; x_wconf 86' lang='lat' dir='ltr'>et</span> <span class='ocrx_word' id='word_1_77' title='bbox 543 993 702 1049; x_wconf 85' lang='lat' dir='ltr'>eloquii</span> <span class='ocrx_word' id='word_1_78' title='bbox 732 994 847 1034; x_wconf 89' lang='lat' dir='ltr'>nitor</span> <span class='ocrx_word' id='word_1_79' title='bbox 878 992 950 1034; x_wconf 89' lang='lat' dir='ltr'>ille</span> <span class='ocrx_word' id='word_1_80' title='bbox 981 992 1241 1034; x_wconf 79' lang='lat' dir='ltr'>domesticus</span> <span class='ocrx_word' id='word_1_81' title='bbox 1264 991 1400 1044; x_wconf 82' lang='lat' dir='ltr'>adsit,</span> 
     </span>
     <span class='ocr_line' id='line_1_13' title="bbox 270 1065 1174 1123; baseline 0.001 -18"><span class='ocrx_word' id='word_1_82' title='bbox 270 1081 353 1122; x_wconf 84' lang='lat' dir='ltr'>quo</span> <span class='ocrx_word' id='word_1_83' title='bbox 384 1073 554 1122; x_wconf 83' lang='lat' dir='ltr'>poteras</span> <span class='ocrx_word' id='word_1_84' title='bbox 585 1066 768 1123; x_wconf 82' lang='lat' dir='ltr'>trepidis</span> <span class='ocrx_word' id='word_1_85' title='bbox 800 1065 919 1107; x_wconf 83' lang='lat' dir='ltr'>utilis</span> <span class='ocrx_word' id='word_1_86' title='bbox 953 1080 1045 1107; x_wconf 81' lang='lat' dir='ltr'>esse</span> <span class='ocrx_word' id='word_1_87' title='bbox 1074 1066 1174 1106; x_wconf 83' lang='lat' dir='ltr'>reis.</span> 
     </span>
     <span class='ocr_line' id='line_1_14' title="bbox 214 1138 1331 1193; baseline -0.002 -14"><span class='ocrx_word' id='word_1_88' title='bbox 214 1139 323 1180; x_wconf 89' lang='lat' dir='ltr'>uiuit</span> <span class='ocrx_word' id='word_1_89' title='bbox 354 1139 468 1180; x_wconf 87' lang='lat' dir='ltr'>enim</span> <span class='ocrx_word' id='word_1_90' title='bbox 499 1140 544 1180; x_wconf 89' lang='lat' dir='ltr'>in</span> <span class='ocrx_word' id='word_1_91' title='bbox 574 1139 698 1180; x_wconf 87' lang='lat' dir='ltr'>uobis</span> <span class='ocrx_word' id='word_1_92' title='bbox 730 1139 907 1180; x_wconf 81' lang='lat' dir='ltr'>facundi</span> <span class='ocrx_word' id='word_1_93' title='bbox 938 1138 1086 1193; x_wconf 80' lang='lat' dir='ltr'>lingua</span> <span class='ocrx_word' id='word_1_94' title='bbox 1116 1138 1331 1193; x_wconf 78' lang='lat' dir='ltr'>parentis,</span> 
     </span>
     <span class='ocr_line' id='line_1_15' title="bbox 131 1210 1136 1268; baseline -0.002 -15"><span class='ocrx_word' id='word_1_95' title='bbox 131 1215 184 1253; x_wconf 82' lang='lat'>50</span> <span class='ocrx_word' id='word_1_96' title='bbox 271 1218 313 1253; x_wconf 84' lang='lat' dir='ltr'>et</span> <span class='ocrx_word' id='word_1_97' title='bbox 342 1226 410 1253; x_wconf 86' lang='lat' dir='ltr'>res</span> <span class='ocrx_word' id='word_1_98' title='bbox 441 1211 644 1253; x_wconf 86' lang='lat' dir='ltr'>heredem</span> <span class='ocrx_word' id='word_1_99' title='bbox 674 1213 864 1268; x_wconf 86' lang='lat' dir='ltr'>repperit</span> <span class='ocrx_word' id='word_1_100' title='bbox 894 1210 968 1252; x_wconf 88' lang='lat' dir='ltr'>illa</span> <span class='ocrx_word' id='word_1_101' title='bbox 999 1225 1136 1252; x_wconf 86' lang='lat' dir='ltr'>suum.</span> 
     </span>
     <span class='ocr_line' id='line_1_16' title="bbox 213 1283 1616 1340; baseline -0.001 -16"><span class='ocrx_word' id='word_1_102' title='bbox 213 1283 322 1324; x_wconf 84' lang='lat' dir='ltr'>hane</span> <span class='ocrx_word' id='word_1_103' title='bbox 353 1298 431 1339; x_wconf 83' lang='lat' dir='ltr'>ego</span> <span class='ocrx_word' id='word_1_104' title='bbox 462 1299 547 1326; x_wconf 91' lang='lat' dir='ltr'>non</span> <span class='ocrx_word' id='word_1_105' title='bbox 575 1291 623 1326; x_wconf 89' lang='lat' dir='ltr'>ut</span> <span class='ocrx_word' id='word_1_106' title='bbox 654 1299 720 1325; x_wconf 88' lang='lat' dir='ltr'>me</span> <span class='ocrx_word' id='word_1_107' title='bbox 752 1283 985 1325; x_wconf 83' lang='lat' dir='ltr'>defendere</span> <span class='ocrx_word' id='word_1_108' title='bbox 1016 1289 1197 1340; x_wconf 83' lang='lat' dir='ltr'>temptet</span> <span class='ocrx_word' id='word_1_109' title='bbox 1228 1283 1381 1324; x_wconf 85' lang='lat' dir='ltr'>adoro:</span> <span class='ocrx_word' id='word_1_110' title='bbox 1575 1292 1616 1323; x_wconf 69' lang='lat'>55</span> 
     </span>
     <span class='ocr_line' id='line_1_17' title="bbox 268 1356 1275 1400; baseline -0.002 -2"><span class='ocrx_word' id='word_1_111' title='bbox 268 1382 324 1387; x_wconf 97' lang='lat'><strong>—</strong></span> <span class='ocrx_word' id='word_1_112' title='bbox 354 1371 439 1398; x_wconf 91' lang='lat' dir='ltr'>non</span> <span class='ocrx_word' id='word_1_113' title='bbox 470 1364 533 1400; x_wconf 87' lang='lat' dir='ltr'>est</span> <span class='ocrx_word' id='word_1_114' title='bbox 565 1357 752 1399; x_wconf 79' lang='lat' dir='ltr'>confessi</span> <span class='ocrx_word' id='word_1_115' title='bbox 782 1372 909 1399; x_wconf 83' lang='lat' dir='ltr'>eausa</span> <span class='ocrx_word' id='word_1_116' title='bbox 939 1356 1101 1398; x_wconf 85' lang='lat' dir='ltr'>tuenda</span> <span class='ocrx_word' id='word_1_117' title='bbox 1129 1357 1192 1397; x_wconf 89' lang='lat' dir='ltr'>rei</span> <span class='ocrx_word' id='word_1_118' title='bbox 1225 1380 1275 1386; x_wconf 93' lang='lat'><em>-</em></span> 
     </span>
     <span class='ocr_line' id='line_1_18' title="bbox 212 1429 1300 1484; baseline -0.002 -13"><span class='ocrx_word' id='word_1_119' title='bbox 212 1445 315 1471; x_wconf 88' lang='lat' dir='ltr'>num</span> <span class='ocrx_word' id='word_1_120' title='bbox 345 1436 487 1471; x_wconf 86' lang='lat' dir='ltr'>tamen</span> <span class='ocrx_word' id='word_1_121' title='bbox 518 1445 698 1473; x_wconf 81' lang='lat' dir='ltr'>excuses</span> <span class='ocrx_word' id='word_1_122' title='bbox 730 1431 886 1472; x_wconf 87' lang='lat' dir='ltr'>erroris</span> <span class='ocrx_word' id='word_1_123' title='bbox 918 1430 1084 1484; x_wconf 81' lang='lat' dir='ltr'>origine</span> <span class='ocrx_word' id='word_1_124' title='bbox 1115 1429 1300 1482; x_wconf 85' lang='lat' dir='ltr'>factum,</span> 
     </span>
     <span class='ocr_line' id='line_1_19' title="bbox 268 1501 1162 1560; baseline -0.001 -17"><span class='ocrx_word' id='word_1_125' title='bbox 268 1517 324 1543; x_wconf 88' lang='lat' dir='ltr'>an</span> <span class='ocrx_word' id='word_1_126' title='bbox 353 1502 463 1544; x_wconf 87' lang='lat' dir='ltr'>nihil</span> <span class='ocrx_word' id='word_1_127' title='bbox 493 1503 698 1560; x_wconf 78' lang='lat' dir='ltr'>expediat</span> <span class='ocrx_word' id='word_1_128' title='bbox 729 1502 814 1545; x_wconf 90' lang='lat' dir='ltr'>tale</span> <span class='ocrx_word' id='word_1_129' title='bbox 847 1517 1018 1544; x_wconf 87' lang='lat' dir='ltr'>mouere</span> <span class='ocrx_word' id='word_1_130' title='bbox 1047 1501 1162 1543; x_wconf 87' lang='lat' dir='ltr'>uide.</span> 
     </span>
     <span class='ocr_line' id='line_1_20' title="bbox 131 1573 1467 1632; baseline 0 -16"><span class='ocrx_word' id='word_1_131' title='bbox 131 1579 182 1616; x_wconf 91' lang='lat'>55</span> <span class='ocrx_word' id='word_1_132' title='bbox 214 1575 405 1617; x_wconf 88' lang='lat' dir='ltr'>uulneris</span> <span class='ocrx_word' id='word_1_133' title='bbox 437 1576 482 1618; x_wconf 89' lang='lat' dir='ltr'>id</span> <span class='ocrx_word' id='word_1_134' title='bbox 511 1590 646 1631; x_wconf 85' lang='lat' dir='ltr'>genus</span> <span class='ocrx_word' id='word_1_135' title='bbox 679 1583 764 1629; x_wconf 86' lang='lat' dir='ltr'>est,</span> <span class='ocrx_word' id='word_1_136' title='bbox 798 1575 912 1632; x_wconf 89' lang='lat' dir='ltr'>quod</span> <span class='ocrx_word' id='word_1_137' title='bbox 944 1589 1041 1616; x_wconf 89' lang='lat' dir='ltr'>eum</span> <span class='ocrx_word' id='word_1_138' title='bbox 1073 1573 1264 1616; x_wconf 84' lang='lat' dir='ltr'>sanabile</span> <span class='ocrx_word' id='word_1_139' title='bbox 1294 1588 1380 1615; x_wconf 93' lang='lat' dir='ltr'>non</span> <span class='ocrx_word' id='word_1_140' title='bbox 1412 1575 1467 1616; x_wconf 85' lang='lat' dir='ltr'>sit</span> 
     </span>
    </p>
   </div>
   <div class='ocr_carea' id='block_1_3' title="bbox 191 1649 1619 1920">
    <p class='ocr_par' dir='ltr' id='par_1_3' title="bbox 191 1649 1619 1920">
     <span class='ocr_line' id='line_1_21' title="bbox 269 1649 1618 1704; baseline -0.002 -15"><span class='ocrx_word' id='word_1_141' title='bbox 269 1663 355 1690; x_wconf 92' lang='lat' dir='ltr'>non</span> <span class='ocrx_word' id='word_1_142' title='bbox 384 1650 641 1691; x_wconf 80' lang='lat' dir='ltr'>contrectari</span> <span class='ocrx_word' id='word_1_143' title='bbox 670 1649 804 1690; x_wconf 88' lang='lat' dir='ltr'>tutius</span> <span class='ocrx_word' id='word_1_144' title='bbox 837 1663 930 1690; x_wconf 86' lang='lat' dir='ltr'>esse</span> <span class='ocrx_word' id='word_1_145' title='bbox 960 1654 1078 1704; x_wconf 88' lang='lat' dir='ltr'>puto.</span> <span class='ocrx_word' id='word_1_146' title='bbox 1573 1656 1618 1687; x_wconf 71' lang='lat'>«50</span> 
     </span>
     <span class='ocr_line' id='line_1_22' title="bbox 762 1805 915 1839; baseline -0.007 -8"><span class='ocrx_word' id='word_1_147' title='bbox 762 1805 915 1839; x_wconf 62' lang='lat' dir='ltr'>‘Frigidam</span> 
     </span>
     <span class='ocr_line' id='line_1_23' title="bbox 191 1839 1619 1883; baseline -0.001 -9"><span class='ocrx_word' id='word_1_148' title='bbox 191 1844 233 1875; x_wconf 84' lang='lat'>37</span> <span class='ocrx_word' id='word_1_149' title='bbox 258 1843 457 1874; x_wconf 85' lang='lat' dir='ltr'>iustissime</span> <span class='ocrx_word' id='word_1_150' title='bbox 482 1843 512 1874; x_wconf 91' lang='lat' dir='ltr'>L</span> <span class='ocrx_word' id='word_1_151' title='bbox 605 1842 648 1874; x_wconf 79' lang='lat'>38</span> <span class='ocrx_word' id='word_1_152' title='bbox 673 1852 738 1874; x_wconf 85' lang='lat' dir='ltr'>nee</span> <span class='ocrx_word' id='word_1_153' title='bbox 762 1841 913 1874; x_wconf 83' lang='lat' dir='ltr'>totidem</span> <span class='ocrx_word' id='word_1_154' title='bbox 937 1841 967 1872; x_wconf 84' lang='lat' dir='ltr'><strong>F</strong></span> <span class='ocrx_word' id='word_1_155' title='bbox 993 1841 1131 1872; x_wconf 88' lang='lat' dir='ltr'>timidis</span> <span class='ocrx_word' id='word_1_156' title='bbox 1155 1841 1310 1883; x_wconf 82' lang='lat' dir='ltr'>rigidam</span> <span class='ocrx_word' id='word_1_157' title='bbox 1335 1841 1364 1872; x_wconf 85' lang='lat' dir='ltr'>E</span> <span class='ocrx_word' id='word_1_158' title='bbox 1397 1839 1411 1882; x_wconf 83' lang='grc' dir='ltr'>Η</span> <span class='ocrx_word' id='word_1_159' title='bbox 1444 1841 1535 1873; x_wconf 86' lang='lat' dir='ltr'>obde</span> <span class='ocrx_word' id='word_1_160' title='bbox 1562 1852 1619 1873; x_wconf 83' lang='lat' dir='ltr'>se—</span> 
     </span>
     <span class='ocr_line' id='line_1_24' title="bbox 1280 1894 1432 1920; baseline 0 -1"><span class='ocrx_word' id='word_1_161' title='bbox 1280 1895 1315 1920; x_wconf 81' lang='lat' dir='ltr'>ob</span> <span class='ocrx_word' id='word_1_162' title='bbox 1335 1894 1432 1919; x_wconf 80' lang='lat' dir='ltr'>claude</span> 
     </span>
    </p>
   </div>
   <div class='ocr_carea' id='block_1_4' title="bbox 101 1928 1618 1974">
    <p class='ocr_par' dir='ltr' id='par_1_4' title="bbox 101 1928 1618 1974">
     <span class='ocr_line' id='line_1_25' title="bbox 101 1928 1618 1974; baseline 0 -10"><span class='ocrx_word' id='word_1_163' title='bbox 101 1942 178 1964; x_wconf 83' lang='lat' dir='ltr'>ram</span> <span class='ocrx_word' id='word_1_164' title='bbox 214 1932 384 1974; x_wconf 85' lang='lat' dir='ltr'>precibus</span> <span class='ocrx_word' id='word_1_165' title='bbox 420 1933 483 1974; x_wconf 64' lang='lat' dir='ltr'>sz</span> <span class='ocrx_word' id='word_1_166' title='bbox 522 1931 566 1973; x_wconf 85' lang='lat' dir='ltr'>(a.</span> <span class='ocrx_word' id='word_1_167' title='bbox 599 1943 631 1965; x_wconf 86' lang='lat' dir='ltr'>a.</span> <span class='ocrx_word' id='word_1_168' title='bbox 664 1932 719 1970; x_wconf 91' lang='lat' dir='ltr'>II,</span> <span class='ocrx_word' id='word_1_169' title='bbox 751 1931 833 1972; x_wconf 80' lang='lat'>636)</span> <span class='ocrx_word' id='word_1_170' title='bbox 872 1931 963 1963; x_wconf 85' lang='lat' dir='ltr'>adde</span> <span class='ocrx_word' id='word_1_171' title='bbox 1002 1930 1116 1962; x_wconf 87' lang='lat' dir='ltr'>forem</span> <span class='ocrx_word' id='word_1_172' title='bbox 1145 1931 1178 1962; x_wconf 94' lang='lat' dir='ltr'>D</span> <span class='ocrx_word' id='word_1_173' title='bbox 1215 1928 1232 1973; x_wconf 77' lang='lat' dir='ltr'>{l</span> <span class='ocrx_word' id='word_1_174' title='bbox 1269 1931 1337 1972; x_wconf 70' lang='lat' dir='ltr'>ade</span> <span class='ocrx_word' id='word_1_175' title='bbox 1451 1931 1480 1962; x_wconf 98' lang='lat' dir='ltr'><strong>F</strong></span> <span class='ocrx_word' id='word_1_176' title='bbox 1576 1933 1618 1964; x_wconf 81' lang='lat'>39</span> 
     </span>
    </p>
   </div>
   <div class='ocr_carea' id='block_1_5' title="bbox 101 1983 1617 2087">
    <p class='ocr_par' dir='ltr' id='par_1_5' title="bbox 101 1983 1617 2087">
     <span class='ocr_line' id='line_1_26' title="bbox 101 1983 1617 2042; baseline -0.001 -10"><span class='ocrx_word' id='word_1_177' title='bbox 101 2000 231 2032; x_wconf 87' lang='lat' dir='ltr'>fouens</span> <span class='ocrx_word' id='word_1_178' title='bbox 257 1999 470 2032; x_wconf 71' lang='lat' dir='ltr'>CGELNsm</span> <span class='ocrx_word' id='word_1_179' title='bbox 501 1997 515 2041; x_wconf 85' lang='grc' dir='ltr'>Η</span> <span class='ocrx_word' id='word_1_180' title='bbox 547 1999 669 2042; x_wconf 79' lang='lat' dir='ltr'>profer</span> <span class='ocrx_word' id='word_1_181' title='bbox 694 1998 720 2030; x_wconf 86' lang='lat' dir='ltr'>C</span> <span class='ocrx_word' id='word_1_182' title='bbox 751 1983 834 2039; x_wconf 54' lang='lat' dir='ltr'>{iser</span> <span class='ocrx_word' id='word_1_183' title='bbox 865 1999 893 2030; x_wconf 86' lang='lat' dir='ltr'>B</span> <span class='ocrx_word' id='word_1_184' title='bbox 926 1996 941 2041; x_wconf 72' lang='grc' dir='ltr'>Η</span> <span class='ocrx_word' id='word_1_185' title='bbox 974 1998 1018 2029; x_wconf 84' lang='lat' dir='ltr'>ad</span> <span class='ocrx_word' id='word_1_186' title='bbox 1048 1998 1176 2029; x_wconf 80' lang='lat' dir='ltr'>limina</span> <span class='ocrx_word' id='word_1_187' title='bbox 1202 2009 1220 2029; x_wconf 85' lang='grc' dir='ltr'><strong>τ</strong></span> <span class='ocrx_word' id='word_1_188' title='bbox 1251 1997 1390 2029; x_wconf 85' lang='lat' dir='ltr'>lumina</span> <span class='ocrx_word' id='word_1_189' title='bbox 1416 2009 1432 2030; x_wconf 79' lang='grc' dir='ltr'><em>ε</em></span> <span class='ocrx_word' id='word_1_190' title='bbox 1502 2000 1546 2030; x_wconf 76' lang='lat'>40</span> <span class='ocrx_word' id='word_1_191' title='bbox 1571 1983 1617 2030; x_wconf 64' lang='lat' dir='ltr'>1io</span> 
     </span>
     <span class='ocr_line' id='line_1_27' title="bbox 102 2040 1617 2087; baseline -0.001 -11"><span class='ocrx_word' id='word_1_192' title='bbox 102 2045 170 2077; x_wconf 84' lang='lat' dir='ltr'>tibi</span> <span class='ocrx_word' id='word_1_193' title='bbox 195 2044 225 2076; x_wconf 92' lang='lat' dir='ltr'><strong>F</strong></span> <span class='ocrx_word' id='word_1_194' title='bbox 257 2042 272 2087; x_wconf 79' lang='grc' dir='ltr'>[Ι</span> <span class='ocrx_word' id='word_1_195' title='bbox 305 2044 478 2077; x_wconf 81' lang='lat' dir='ltr'>thonante</span> <span class='ocrx_word' id='word_1_196' title='bbox 504 2045 533 2076; x_wconf 91' lang='lat' dir='ltr'><strong>B</strong></span> <span class='ocrx_word' id='word_1_197' title='bbox 603 2046 644 2076; x_wconf 77' lang='lat'>41</span> <span class='ocrx_word' id='word_1_198' title='bbox 672 2054 805 2076; x_wconf 84' lang='lat' dir='ltr'>causas</span> <span class='ocrx_word' id='word_1_199' title='bbox 831 2043 858 2075; x_wconf 91' lang='lat' dir='ltr'>C</span> <span class='ocrx_word' id='word_1_200' title='bbox 931 2045 974 2075; x_wconf 76' lang='lat'>42</span> <span class='ocrx_word' id='word_1_201' title='bbox 1000 2053 1078 2075; x_wconf 84' lang='lat' dir='ltr'>meo</span> <span class='ocrx_word' id='word_1_202' title='bbox 1104 2047 1159 2074; x_wconf 85' lang='lat' dir='ltr'>est</span> <span class='ocrx_word' id='word_1_203' title='bbox 1185 2043 1352 2084; x_wconf 84' lang='lat' dir='ltr'>quamuis</span> <span class='ocrx_word' id='word_1_204' title='bbox 1376 2044 1405 2074; x_wconf 89' lang='lat' dir='ltr'><strong>F</strong></span> <span class='ocrx_word' id='word_1_205' title='bbox 1438 2040 1454 2086; x_wconf 86' lang='lat' dir='ltr'>[l</span> <span class='ocrx_word' id='word_1_206' title='bbox 1487 2054 1617 2075; x_wconf 82' lang='lat' dir='ltr'>caussa</span> 
     </span>
    </p>
   </div>
   <div class='ocr_carea' id='block_1_6' title="bbox 101 2098 1617 2304">
    <p class='ocr_par' dir='ltr' id='par_1_6' title="bbox 101 2098 1617 2304">
     <span class='ocr_line' id='line_1_28' title="bbox 102 2098 1560 2178; baseline -0.001 -12"><span class='ocrx_word' id='word_1_207' title='bbox 102 2135 126 2178; x_wconf 67' lang='grc' dir='ltr'><strong>ἦ</strong></span> <span class='ocrx_word' id='word_1_208' title='bbox 150 2133 246 2166; x_wconf 84' lang='lat' dir='ltr'>bona</span> <span class='ocrx_word' id='word_1_209' title='bbox 277 2137 332 2166; x_wconf 85' lang='lat' dir='ltr'>est</span> <span class='ocrx_word' id='word_1_210' title='bbox 355 2134 385 2165; x_wconf 90' lang='lat' dir='ltr'><strong>F</strong></span> <span class='ocrx_word' id='word_1_211' title='bbox 461 2135 505 2167; x_wconf 84' lang='lat'>43</span> <span class='ocrx_word' id='word_1_212' title='bbox 532 2144 618 2177; x_wconf 87' lang='lat' dir='ltr'>eger</span> <span class='ocrx_word' id='word_1_213' title='bbox 642 2144 719 2166; x_wconf 89' lang='lat' dir='ltr'>sum</span> <span class='ocrx_word' id='word_1_214' title='bbox 738 2134 766 2166; x_wconf 91' lang='grc' dir='ltr'>Β</span> <span class='ocrx_word' id='word_1_215' title='bbox 789 2098 914 2176; x_wconf 38' lang='lat' dir='ltr'>{fulgin</span> <span class='ocrx_word' id='word_1_216' title='bbox 932 2133 961 2164; x_wconf 85' lang='lat' dir='ltr'><strong>F</strong></span> <span class='ocrx_word' id='word_1_217' title='bbox 1031 2134 1075 2164; x_wconf 66' lang='lat'>44</span> <span class='ocrx_word' id='word_1_218' title='bbox 1092 2143 1217 2164; x_wconf 85' lang='lat' dir='ltr'>seruar</span> <span class='ocrx_word' id='word_1_219' title='bbox 1234 2133 1261 2163; x_wconf 87' lang='lat' dir='ltr'><strong>B</strong></span> <span class='ocrx_word' id='word_1_220' title='bbox 1289 2142 1411 2164; x_wconf 87' lang='lat' dir='ltr'>seruer</span> <span class='ocrx_word' id='word_1_221' title='bbox 1427 2132 1560 2164; x_wconf 84' lang='lat' dir='ltr'>DGLN</span> 
     </span>
     <span class='ocr_line' id='line_1_29' title="bbox 101 2186 1617 2266; baseline 0 -12"><span class='ocrx_word' id='word_1_222' title='bbox 101 2224 144 2255; x_wconf 85' lang='lat'>45</span> <span class='ocrx_word' id='word_1_223' title='bbox 169 2223 278 2255; x_wconf 85' lang='lat' dir='ltr'>lassis</span> <span class='ocrx_word' id='word_1_224' title='bbox 294 2221 349 2265; x_wconf 85' lang='grc' dir='ltr'>Αβ</span> <span class='ocrx_word' id='word_1_225' title='bbox 372 2223 487 2266; x_wconf 85' lang='lat' dir='ltr'>lapsis</span> <span class='ocrx_word' id='word_1_226' title='bbox 512 2223 806 2257; x_wconf 78' lang='lat' dir='ltr'><strong>BCDEFGLNP</strong></span> <span class='ocrx_word' id='word_1_227' title='bbox 831 2233 894 2265; x_wconf 88' lang='lat' dir='ltr'>pro</span> <span class='ocrx_word' id='word_1_228' title='bbox 912 2221 1188 2254; x_wconf 83' lang='lat' dir='ltr'>rebus—lassis</span> <span class='ocrx_word' id='word_1_229' title='bbox 1207 2220 1236 2252; x_wconf 94' lang='grc' dir='ltr'>Ο</span> <span class='ocrx_word' id='word_1_230' title='bbox 1259 2219 1274 2263; x_wconf 84' lang='grc' dir='ltr'>Η</span> <span class='ocrx_word' id='word_1_231' title='bbox 1297 2186 1464 2253; x_wconf 44' lang='lat' dir='ltr'>xiailt‘tatur</span> <span class='ocrx_word' id='word_1_232' title='bbox 1481 2223 1510 2254; x_wconf 79' lang='lat' dir='ltr'><strong>F</strong></span> <span class='ocrx_word' id='word_1_233' title='bbox 1574 2224 1617 2254; x_wconf 76' lang='lat'>46</span> 
     </span>
     <span class='ocr_line' id='line_1_30' title="bbox 1222 2275 1381 2304; baseline -0.025 0"><span class='ocrx_word' id='word_1_234' title='bbox 1222 2276 1236 2304; x_wconf 83' lang='lat'>†</span> <span class='ocrx_word' id='word_1_235' title='bbox 1251 2275 1381 2302; x_wconf 74' lang='lat' dir='ltr'>facundie</span> 
     </span>
    </p>
   </div>
   <div class='ocr_carea' id='block_1_7' title="bbox 102 2309 1616 2400">
    <p class='ocr_par' dir='ltr' id='par_1_7' title="bbox 102 2309 1616 2400">
     <span class='ocr_line' id='line_1_31' title="bbox 103 2309 1616 2354; baseline -0.001 -10"><span class='ocrx_word' id='word_1_236' title='bbox 103 2315 246 2354; x_wconf 84' lang='lat' dir='ltr'>prestat</span> <span class='ocrx_word' id='word_1_237' title='bbox 269 2312 300 2343; x_wconf 80' lang='lat' dir='ltr'><strong>A</strong></span> <span class='ocrx_word' id='word_1_238' title='bbox 329 2315 494 2354; x_wconf 78' lang='lat' dir='ltr'>praestet</span> <span class='ocrx_word' id='word_1_239' title='bbox 526 2312 643 2346; x_wconf 69' lang='lat' dir='ltr'>CDNs</span> <span class='ocrx_word' id='word_1_240' title='bbox 735 2314 778 2344; x_wconf 81' lang='lat'>47</span> <span class='ocrx_word' id='word_1_241' title='bbox 805 2312 924 2353; x_wconf 89' lang='lat' dir='ltr'>eloqui</span> <span class='ocrx_word' id='word_1_242' title='bbox 950 2312 979 2343; x_wconf 94' lang='lat' dir='ltr'>L</span> <span class='ocrx_word' id='word_1_243' title='bbox 1013 2311 1155 2352; x_wconf 88' lang='lat' dir='ltr'>eloquio</span> <span class='ocrx_word' id='word_1_244' title='bbox 1181 2324 1200 2344; x_wconf 85' lang='grc' dir='ltr'>τ</span> <span class='ocrx_word' id='word_1_245' title='bbox 1232 2312 1368 2354; x_wconf 85' lang='lat' dir='ltr'>eloquii</span> <span class='ocrx_word' id='word_1_246' title='bbox 1399 2312 1428 2343; x_wconf 87' lang='lat' dir='ltr'><strong>F</strong></span> <span class='ocrx_word' id='word_1_247' title='bbox 1461 2309 1476 2354; x_wconf 81' lang='grc' dir='ltr'>Η</span> <span class='ocrx_word' id='word_1_248' title='bbox 1508 2313 1616 2344; x_wconf 85' lang='lat' dir='ltr'>nitori</span> 
     </span>
     <span class='ocr_line' id='line_1_32' title="bbox 102 2354 1616 2400; baseline -0.001 -11"><span class='ocrx_word' id='word_1_249' title='bbox 102 2357 165 2389; x_wconf 84' lang='lat' dir='ltr'>ille</span> <span class='ocrx_word' id='word_1_250' title='bbox 191 2358 222 2389; x_wconf 88' lang='lat' dir='ltr'>A</span> <span class='ocrx_word' id='word_1_251' title='bbox 247 2357 348 2389; x_wconf 87' lang='lat' dir='ltr'>furor</span> <span class='ocrx_word' id='word_1_252' title='bbox 372 2358 436 2390; x_wconf 87' lang='lat' dir='ltr'>ille</span> <span class='ocrx_word' id='word_1_253' title='bbox 461 2358 489 2389; x_wconf 88' lang='lat' dir='ltr'>B</span> <span class='ocrx_word' id='word_1_254' title='bbox 516 2358 634 2400; x_wconf 82' lang='lat' dir='ltr'>gloria</span> <span class='ocrx_word' id='word_1_255' title='bbox 658 2359 688 2390; x_wconf 83' lang='lat' dir='ltr'>E</span> <span class='ocrx_word' id='word_1_256' title='bbox 758 2359 802 2390; x_wconf 74' lang='lat'>48</span> <span class='ocrx_word' id='word_1_257' title='bbox 826 2357 962 2400; x_wconf 84' lang='lat' dir='ltr'>poteris</span> <span class='ocrx_word' id='word_1_258' title='bbox 986 2357 1019 2388; x_wconf 92' lang='lat' dir='ltr'>D</span> <span class='ocrx_word' id='word_1_259' title='bbox 1051 2355 1066 2398; x_wconf 77' lang='grc' dir='ltr'>Η</span> <span class='ocrx_word' id='word_1_260' title='bbox 1097 2360 1177 2398; x_wconf 82' lang='lat' dir='ltr'>trep</span> <span class='ocrx_word' id='word_1_261' title='bbox 1194 2383 1200 2389; x_wconf 95' lang='lat'>.</span> <span class='ocrx_word' id='word_1_262' title='bbox 1217 2381 1224 2389; x_wconf 97' lang='lat'>.</span> <span class='ocrx_word' id='word_1_263' title='bbox 1240 2368 1279 2392; x_wconf 90' lang='lat' dir='ltr'>.s</span> <span class='ocrx_word' id='word_1_264' title='bbox 1304 2359 1332 2390; x_wconf 86' lang='lat' dir='ltr'>P</span> <span class='ocrx_word' id='word_1_265' title='bbox 1356 2354 1370 2398; x_wconf 83' lang='grc' dir='ltr'>Η</span> <span class='ocrx_word' id='word_1_266' title='bbox 1402 2357 1465 2389; x_wconf 82' lang='lat' dir='ltr'>ille</span> <span class='ocrx_word' id='word_1_267' title='bbox 1491 2368 1576 2388; x_wconf 82' lang='lat' dir='ltr'>man.</span> <span class='ocrx_word' id='word_1_268' title='bbox 1596 2359 1616 2388; x_wconf 86' lang='lat'><em>2</em></span> 
     </span>
    </p>
   </div>
   <div class='ocr_carea' id='block_1_8' title="bbox 102 2410 1617 2691">
    <p class='ocr_par' dir='ltr' id='par_1_8' title="bbox 102 2410 1617 2691">
     <span class='ocr_line' id='line_1_33' title="bbox 103 2410 1556 2468; baseline 0 -12"><span class='ocrx_word' id='word_1_269' title='bbox 103 2425 235 2457; x_wconf 80' lang='lat' dir='ltr'>addidit</span> <span class='ocrx_word' id='word_1_270' title='bbox 258 2424 287 2455; x_wconf 93' lang='lat' dir='ltr'>L</span> <span class='ocrx_word' id='word_1_271' title='bbox 311 2422 326 2466; x_wconf 74' lang='lat' dir='ltr'>ll</span> <span class='ocrx_word' id='word_1_272' title='bbox 349 2425 439 2457; x_wconf 86' lang='lat' dir='ltr'>assit</span> <span class='ocrx_word' id='word_1_273' title='bbox 454 2425 483 2456; x_wconf 91' lang='lat' dir='ltr'>B</span> <span class='ocrx_word' id='word_1_274' title='bbox 551 2426 594 2457; x_wconf 87' lang='grc'>49</span> <span class='ocrx_word' id='word_1_275' title='bbox 621 2425 795 2457; x_wconf 74' lang='lat' dir='ltr'>facondia</span> <span class='ocrx_word' id='word_1_276' title='bbox 816 2423 854 2467; x_wconf 87' lang='lat' dir='ltr'>[a</span> <span class='ocrx_word' id='word_1_277' title='bbox 867 2428 1008 2457; x_wconf 77' lang='lat' dir='ltr'>alterum</span> <span class='ocrx_word' id='word_1_278' title='bbox 1025 2425 1058 2456; x_wconf 82' lang='lat' dir='ltr'>in</span> <span class='ocrx_word' id='word_1_279' title='bbox 1076 2422 1164 2467; x_wconf 69' lang='lat' dir='ltr'>ras]</span> <span class='ocrx_word' id='word_1_280' title='bbox 1190 2425 1220 2456; x_wconf 91' lang='lat' dir='ltr'><strong>F</strong></span> <span class='ocrx_word' id='word_1_281' title='bbox 1282 2426 1324 2457; x_wconf 87' lang='lat'>50</span> <span class='ocrx_word' id='word_1_282' title='bbox 1349 2410 1503 2468; x_wconf 67' lang='lat' dir='ltr'>ripperit</span> <span class='ocrx_word' id='word_1_283' title='bbox 1527 2425 1556 2456; x_wconf 90' lang='lat' dir='ltr'>B</span> 
     </span>
     <span class='ocr_line' id='line_1_34' title="bbox 102 2468 1617 2512; baseline 0.001 -12"><span class='ocrx_word' id='word_1_284' title='bbox 102 2470 144 2501; x_wconf 78' lang='lat'>52</span> <span class='ocrx_word' id='word_1_285' title='bbox 169 2469 241 2501; x_wconf 91' lang='lat' dir='ltr'>mei</span> <span class='ocrx_word' id='word_1_286' title='bbox 266 2468 292 2501; x_wconf 89' lang='lat' dir='ltr'>C</span> <span class='ocrx_word' id='word_1_287' title='bbox 363 2471 405 2502; x_wconf 89' lang='lat'>53</span> <span class='ocrx_word' id='word_1_288' title='bbox 429 2480 524 2502; x_wconf 89' lang='lat' dir='ltr'>nune</span> <span class='ocrx_word' id='word_1_289' title='bbox 549 2473 670 2502; x_wconf 84' lang='lat' dir='ltr'>tamen</span> <span class='ocrx_word' id='word_1_290' title='bbox 695 2469 779 2512; x_wconf 86' lang='grc' dir='ltr'>βΒΡ</span> <span class='ocrx_word' id='word_1_291' title='bbox 810 2480 883 2502; x_wconf 89' lang='lat' dir='ltr'>non</span> <span class='ocrx_word' id='word_1_292' title='bbox 913 2473 1036 2501; x_wconf 84' lang='lat' dir='ltr'>tamen</span> <span class='ocrx_word' id='word_1_293' title='bbox 1064 2470 1097 2502; x_wconf 88' lang='lat' dir='ltr'>N</span> <span class='ocrx_word' id='word_1_294' title='bbox 1126 2480 1172 2501; x_wconf 86' lang='lat' dir='ltr'>ne</span> <span class='ocrx_word' id='word_1_295' title='bbox 1197 2473 1321 2502; x_wconf 83' lang='lat' dir='ltr'>tamen</span> <span class='ocrx_word' id='word_1_296' title='bbox 1353 2481 1368 2503; x_wconf 80' lang='grc' dir='ltr'><em>ε</em></span> <span class='ocrx_word' id='word_1_297' title='bbox 1401 2470 1463 2502; x_wconf 86' lang='lat' dir='ltr'>sed</span> <span class='ocrx_word' id='word_1_298' title='bbox 1494 2473 1617 2501; x_wconf 85' lang='lat' dir='ltr'>tamen</span> 
     </span>
     <span class='ocr_line' id='line_1_35' title="bbox 105 2523 1616 2602; baseline 0 -12"><span class='ocrx_word' id='word_1_299' title='bbox 105 2558 135 2590; x_wconf 85' lang='lat' dir='ltr'>G</span> <span class='ocrx_word' id='word_1_300' title='bbox 166 2556 182 2601; x_wconf 79' lang='grc' dir='ltr'>ῃ</span> <span class='ocrx_word' id='word_1_301' title='bbox 204 2523 356 2601; x_wconf 50' lang='grc' dir='ltr'>ᾎῖῗέζῖιηέ</span> <span class='ocrx_word' id='word_1_302' title='bbox 383 2559 413 2591; x_wconf 85' lang='lat' dir='ltr'><strong>F</strong></span> <span class='ocrx_word' id='word_1_303' title='bbox 445 2560 605 2601; x_wconf 76' lang='lat' dir='ltr'>imagine</span> <span class='ocrx_word' id='word_1_304' title='bbox 637 2557 904 2602; x_wconf 62' lang='lat' dir='ltr'>fflenssemm</span> <span class='ocrx_word' id='word_1_305' title='bbox 996 2538 1040 2591; x_wconf 56' lang='lat'>54</span> <span class='ocrx_word' id='word_1_306' title='bbox 1074 2558 1190 2591; x_wconf 68' lang='lat' dir='ltr'>nichil</span> <span class='ocrx_word' id='word_1_307' title='bbox 1222 2559 1251 2590; x_wconf 89' lang='lat' dir='ltr'>B</span> <span class='ocrx_word' id='word_1_308' title='bbox 1288 2556 1304 2601; x_wconf 78' lang='lat' dir='ltr'><strong>fl</strong></span> <span class='ocrx_word' id='word_1_309' title='bbox 1340 2569 1484 2590; x_wconf 74' lang='lat' dir='ltr'>monere</span> <span class='ocrx_word' id='word_1_310' title='bbox 1517 2558 1616 2590; x_wconf 74' lang='lat' dir='ltr'>eDN</span> 
     </span>
     <span class='ocr_line' id='line_1_36' title="bbox 104 2601 1615 2648; baseline -0.001 -13"><span class='ocrx_word' id='word_1_311' title='bbox 104 2613 225 2636; x_wconf 87' lang='lat' dir='ltr'>muere</span> <span class='ocrx_word' id='word_1_312' title='bbox 249 2604 280 2635; x_wconf 89' lang='lat' dir='ltr'>A</span> <span class='ocrx_word' id='word_1_313' title='bbox 310 2602 324 2646; x_wconf 83' lang='grc' dir='ltr'>ΙΙ</span> <span class='ocrx_word' id='word_1_314' title='bbox 355 2614 430 2636; x_wconf 68' lang='grc' dir='ltr'>ηῐεθ</span> <span class='ocrx_word' id='word_1_315' title='bbox 456 2604 483 2635; x_wconf 89' lang='lat' dir='ltr'>P</span> <span class='ocrx_word' id='word_1_316' title='bbox 547 2605 589 2636; x_wconf 83' lang='lat'>55</span> <span class='ocrx_word' id='word_1_317' title='bbox 613 2603 782 2648; x_wconf 52' lang='lat' dir='ltr'>uulnerffs</span> <span class='ocrx_word' id='word_1_318' title='bbox 805 2604 836 2635; x_wconf 80' lang='lat' dir='ltr'>A</span> <span class='ocrx_word' id='word_1_319' title='bbox 859 2602 874 2647; x_wconf 77' lang='lat' dir='ltr'>[l</span> <span class='ocrx_word' id='word_1_320' title='bbox 900 2604 967 2635; x_wconf 86' lang='lat' dir='ltr'>hoc</span> <span class='ocrx_word' id='word_1_321' title='bbox 992 2614 1108 2645; x_wconf 87' lang='lat' dir='ltr'>genus</span> <span class='ocrx_word' id='word_1_322' title='bbox 1134 2615 1173 2636; x_wconf 78' lang='grc' dir='ltr'>ετ</span> <span class='ocrx_word' id='word_1_323' title='bbox 1199 2601 1214 2646; x_wconf 79' lang='grc' dir='ltr'>Η</span> <span class='ocrx_word' id='word_1_324' title='bbox 1246 2614 1317 2635; x_wconf 92' lang='lat' dir='ltr'>non</span> <span class='ocrx_word' id='word_1_325' title='bbox 1349 2607 1404 2635; x_wconf 82' lang='lat' dir='ltr'>est</span> <span class='ocrx_word' id='word_1_326' title='bbox 1435 2603 1503 2635; x_wconf 84' lang='lat' dir='ltr'>DG</span> <span class='ocrx_word' id='word_1_327' title='bbox 1573 2603 1615 2635; x_wconf 83' lang='lat'>56</span> 
     </span>
     <span class='ocr_line' id='line_1_37' title="bbox 105 2647 1280 2691; baseline 0 -11"><span class='ocrx_word' id='word_1_328' title='bbox 105 2649 326 2680; x_wconf 83' lang='lat' dir='ltr'>eontractari</span> <span class='ocrx_word' id='word_1_329' title='bbox 352 2659 368 2681; x_wconf 86' lang='grc' dir='ltr'><em>ε</em></span> <span class='ocrx_word' id='word_1_330' title='bbox 392 2649 462 2681; x_wconf 89' lang='lat' dir='ltr'>hoe</span> <span class='ocrx_word' id='word_1_331' title='bbox 487 2659 559 2681; x_wconf 88' lang='lat' dir='ltr'>non</span> <span class='ocrx_word' id='word_1_332' title='bbox 582 2649 735 2681; x_wconf 83' lang='lat' dir='ltr'>tractari</span> <span class='ocrx_word' id='word_1_333' title='bbox 758 2648 853 2681; x_wconf 89' lang='lat' dir='ltr'>EGP</span> <span class='ocrx_word' id='word_1_334' title='bbox 885 2647 900 2691; x_wconf 85' lang='grc' dir='ltr'>Η</span> <span class='ocrx_word' id='word_1_335' title='bbox 927 2652 1032 2690; x_wconf 81' lang='lat' dir='ltr'>putat</span> <span class='ocrx_word' id='word_1_336' title='bbox 1056 2649 1088 2680; x_wconf 94' lang='lat' dir='ltr'>D</span> <span class='ocrx_word' id='word_1_337' title='bbox 1113 2651 1234 2690; x_wconf 84' lang='lat' dir='ltr'>putem</span> <span class='ocrx_word' id='word_1_338' title='bbox 1260 2659 1280 2680; x_wconf 83' lang='grc' dir='ltr'><em>τ</em></span> 
     </span>
    </p>
   </div>
   <div class='ocr_carea' id='block_1_9' title="bbox 216 2812 1239 2862">
    <p class='ocr_par' dir='ltr' id='par_1_9' title="bbox 216 2812 1239 2862">
     <span class='ocr_line' id='line_1_38' title="bbox 216 2812 1239 2862; baseline 0 -13"><span class='ocrx_word' id='word_1_339' title='bbox 216 2812 268 2850; x_wconf 84' lang='grc'>45</span> <span class='ocrx_word' id='word_1_340' title='bbox 300 2813 406 2862; x_wconf 86' lang='lat' dir='ltr'>lapsis</span> <span class='ocrx_word' id='word_1_341' title='bbox 437 2814 480 2850; x_wconf 87' lang='lat' dir='ltr'><em>H</em></span> <span class='ocrx_word' id='word_1_342' title='bbox 562 2813 614 2851; x_wconf 86' lang='lat'>53</span> <span class='ocrx_word' id='word_1_343' title='bbox 653 2814 804 2861; x_wconf 86' lang='lat' dir='ltr'>imagine</span> <span class='ocrx_word' id='word_1_344' title='bbox 835 2814 877 2850; x_wconf 88' lang='lat' dir='ltr'><em>H</em></span> <span class='ocrx_word' id='word_1_345' title='bbox 959 2813 1012 2850; x_wconf 77' lang='lat'>56</span> <span class='ocrx_word' id='word_1_346' title='bbox 1043 2817 1165 2860; x_wconf 80' lang='lat' dir='ltr'>putem</span> <span class='ocrx_word' id='word_1_347' title='bbox 1195 2813 1239 2849; x_wconf 88' lang='grc' dir='ltr'><em>Η</em></span> 
     </span>
    </p>
   </div>
  </div>
 </body>
</html>
