1844 3223
667 154 752 207 ΙΙΙ,
790 159 821 198 1,
857 158 1030 195 16—57.
1556 154 1609 194 75

206 268 317 310 uclle
349 282 442 309 reor
472 266 648 308 multos:
681 267 776 322 quis
809 267 921 307 enim
952 265 1058 306 mihi
1089 271 1176 306 tam
1207 266 1263 306 sit
1293 265 1488 319 iniquus,

265 347 383 397 optet
412 347 459 382 ut
490 340 667 381 exilium
699 354 803 396 pace
835 353 981 379 carcre
1012 338 1186 378 meum?

208 420 379 470 pectore
410 419 452 454 te
482 420 570 455 toto
602 413 852 468 cunctisque
885 412 1131 452 incumbere
1158 410 1302 451 nemis

124 491 178 529 40
265 493 306 527 et
336 486 416 527 niti
448 501 524 542 pro
556 500 622 526 me
651 492 776 527 nocte
808 484 962 540 dieque
993 483 1129 524 decet.

207 566 338 614 utque
370 559 517 599 iuucnt
548 558 643 611 alii,
676 565 722 599 tu
753 557 884 598 debes
915 557 1089 597 uincere
1119 556 1300 608 amieos,

262 645 393 684 uxor,
426 638 467 672 et
495 631 551 671 ad
581 631 714 687 partis
746 630 885 685 prima
914 629 1062 670 uenire
1091 635 1201 669 tuas.

207 718 361 758 magna
390 703 472 745 tibi
502 704 690 759 inposita
720 709 784 744 est
814 703 972 743 nostris
1004 715 1187 757 persona
1208 699 1389 741 libellis:

263 777 458 831 coniugis
492 775 736 832 exemplum
767 775 924 816 diceris
956 788 1049 816 esse
1079 774 1229 816 bonae.

123 854 176 891 45
207 849 317 891 hanc
348 863 451 889 caue
481 848 738 903 degeneres,
770 855 816 889 ut
847 849 932 889 sint
963 847 1192 903 praeconia
1222 852 1368 888 nostra

263 936 385 963 uera:
417 920 538 974 uide,
572 922 711 962 famae
742 921 856 977 quod
886 921 1046 962 tuearis
1079 935 1198 976 opus.

207 1001 255 1036 ut
284 993 392 1035 nihil
423 995 516 1050 ipse
547 1008 720 1050 querar,
753 995 882 1035 tacito
913 1008 981 1034 me
1011 993 1123 1034 fama
1155 999 1380 1049 queretur,

265 1081 372 1124 quae
403 1066 552 1119 debet,
585 1067 715 1108 fuerit
746 1068 790 1107 ni
820 1066 900 1108 tibi
934 1081 1034 1107 eura
1064 1067 1163 1107 mei.

209 1141 408 1196 exposuit
438 1154 531 1180 mea
561 1154 628 1180 me
659 1139 815 1196 populo
847 1140 1020 1181 fortuna
1051 1138 1313 1190 uidendum,

124 1218 177 1256 50
264 1220 304 1254 et
334 1212 430 1268 plus
461 1213 641 1253 notitiae
672 1227 799 1268 quam
829 1211 913 1253 fuit
942 1218 1042 1252 ante
1072 1211 1207 1252 dedit.

206 1286 349 1328 notior
380 1292 444 1327 est
472 1285 611 1326 factus
643 1285 868 1342 Capaneus
899 1299 923 1325 a
953 1283 1145 1325 fulminis
1176 1285 1287 1325 ictu:

264 1365 391 1400 notus
421 1358 550 1400 humo
580 1359 732 1399 mersis
763 1357 1054 1414 Amphiaraus
1087 1358 1221 1413 equis.

209 1432 246 1473 si
275 1432 416 1472 minus
449 1438 654 1484 errasset,
684 1438 811 1473 notus
841 1431 983 1471 minus
1016 1436 1127 1471 esset
1157 1428 1332 1470 Vlixes:

265 1518 422 1559 magna
451 1503 717 1546 Philoctetae
747 1503 924 1545 uulnere
953 1503 1067 1544 fama
1097 1517 1173 1544 suo
1205 1508 1281 1543 est.

125 1581 177 1619 55
210 1578 247 1619 si
276 1577 392 1618 locus
425 1583 488 1618 est
517 1576 673 1633 aliquis
704 1583 823 1619 tanta
851 1577 964 1618 inter
992 1576 1166 1617 nomina
1195 1575 1365 1631 paruis,

264 1665 340 1692 nos
373 1664 541 1706 quoque
572 1651 823 1706 conspicuos
854 1656 1001 1690 nostra
1030 1649 1155 1690 ruina
1184 1647 1302 1688 facit.

208 1737 287 1763 nee
317 1729 360 1764 te
389 1723 548 1763 nesciri
578 1723 740 1778 patitur
769 1736 863 1763 mea
894 1723 1075 1778 pagina:
1109 1735 1192 1776 qua
1222 1735 1309 1761 non

187 1839 229 1870 37
254 1837 382 1868 multos
405 1837 504 1869 uelle
529 1847 611 1869 reor
634 1837 663 1869 F
694 1834 710 1881 Η
741 1837 822 1879 quis
848 1837 895 1868 sit
919 1836 1007 1867 mihi
1024 1847 1044 1868 τ
1114 1835 1157 1867 38
1181 1834 1251 1866 fine
1276 1834 1303 1865 l'
1329 1845 1422 1876 paee
1447 1835 1509 1875 Εψ
1572 1836 1614 1868 39

97 1929 256 1968 totisque
282 1933 312 1967 ψ
343 1924 359 1969 ll
390 1928 498 1960 remis
522 1928 586 1968 Νψ
610 1891 745 1959 1113011111ιίξεῖ
762 1927 791 1958 L
825 1924 934 1968 [euris
957 1924 990 1967 τ]
1026 1931 1115 1958 totus
1139 1935 1256 1956 uersus
1288 1926 1320 1956 in
1351 1926 1380 1957 B
1413 1926 1550 1956 omissus
1582 1926 1615 1955 in

97 1983 203 2014 mary-
234 1973 370 2004 additus
400 1977 450 2004 est
540 1974 582 2004 41
609 1972 742 2004 docent
767 1971 794 2003 C
819 1973 947 2003 iuuant
977 1971 1007 2002 F
1041 1968 1056 2013 Η
1086 1970 1235 2001 uincere
1268 1972 1418 2001 cunctos
1450 1975 1479 2010 ψ
1571 1970 1615 2018 42

98 2040 216 2082 partis
240 2039 271 2071 A
295 2042 420 2080 partes
443 2049 471 2070 π
540 2041 583 2071 43
608 2040 729 2081 posita
756 2043 812 2071 est
837 2038 891 2070 Gt
959 2039 1002 2069 44
1027 2037 1120 2069 bone
1145 2037 1176 2068 A
1244 2038 1286 2068 45
1311 2036 1404 2068 haec
1431 2036 1478 2067 R¹
1507 2011 1615 2068 Harii&¹

99 2085 299 2127 degeneres
323 2087 363 2115 ut
394 2084 467 2115 sint
491 2084 522 2115 A
551 2084 646 2116 hane
673 2094 765 2115 caue
791 2084 991 2125 degeneres
1015 2086 1055 2113 ut-
1085 2082 1158 2113 sint
1190 2080 1505 2124 fissCDEFGLNP
1539 2082 1616 2112 Zin-

99 2131 227 2170 :erliny
247 2139 357 2171 prom.
383 2139 431 2160 er.
457 2140 485 2162 ο.
518 2129 632 2161 XIII.
663 2130 710 2161 H.
743 2132 779 2160 et
810 2129 884 2160 sint
914 2129 990 2159 edd.
1019 2132 1099 2158 nect.
1132 2127 1227 2158 hane
1258 2136 1302 2158 ne
1335 2126 1536 2168 degeneres
1562 2124 1611 2158 R²

460 2190 477 2207 n
528 2191 540 2207 Γ

100 2220 296 2260 Hemayen.
321 2218 370 2251 M.
403 2216 418 2260 Η
448 2186 572 2250 uggiraa
599 2218 620 2261 β
710 2219 754 2249 46
779 2218 876 2249 fame
902 2217 932 2248 A
962 2215 977 2259 Η
1009 2216 1104 2258 quod
1134 2215 1389 2259 AfiBDFGNw
1424 2225 1493 2257 quo
1520 2215 1614 2247 CEL

98 2273 208 2302 uera;
234 2262 318 2294 uide
344 2263 370 2294 f.
397 2262 490 2304 quod
514 2264 544 2295 L
571 2268 658 2295 auct.
685 2265 777 2295 elect.
805 2263 908 2294 Etom
985 2263 1028 2293 47
1054 2261 1167 2293 nichil
1192 2261 1219 2292 B
1251 2259 1266 2303 1¹
1299 2263 1471 2302 queratur
1495 2259 1534 2303 βι
1565 2260 1615 2292 lo-

101 2313 233 2351 quetur
254 2308 282 2338 B
352 2308 395 2340 48
419 2311 502 2339 tura
526 2309 598 2340 mei
622 2309 653 2340 A
732 2309 774 2339 49
801 2317 915 2340 meme
940 2306 1071 2349 populo
1098 2307 1129 2338 A
1152 2306 1247 2337 mala
1273 2305 1406 2348 populo
1432 2306 1459 2336 B
1485 2309 1615 2338 memet

101 2364 135 2395 p.
162 2352 372 2395 ssDsFGPR
396 2352 528 2394 populo
553 2357 683 2385 memet
708 2354 741 2386 N
765 2356 896 2384 memet
920 2352 1065 2394 populis
1082 2352 1112 2383 Ε
1138 2361 1215 2382 mea
1239 2360 1293 2382 me
1318 2349 1460 2392 populis
1479 2351 1507 2381 L
1532 2359 1615 2382 mea

100 2408 156 2430 me
186 2397 319 2439 populo
343 2397 392 2431 Η.
461 2399 504 2429 50
528 2399 665 2429 notieie
691 2398 719 2429 B
813 2399 852 2429 51
879 2395 902 2428 l'
930 2401 985 2428 est
1009 2399 1114 2428 notus
1140 2396 1263 2427 factus
1288 2395 1318 2426 E
1344 2406 1382 2427 es
1409 2395 1530 2426 factus
1557 2405 1617 2426 ea-

101 2453 219 2484 paneu
244 2453 263 2474 τ
290 2441 500 2483 eaphaneus
526 2443 554 2474 P
579 2440 595 2486 l}
617 2453 638 2474 a
662 2453 722 2475 om.
747 2440 996 2484 AEFGLPssR
1021 2442 1064 2473 de
1091 2440 1153 2473 CD
1180 2451 1201 2471 a
1226 2440 1293 2472 NH
1325 2438 1340 2481 ΙΙ
1371 2440 1527 2471 fluminis
1555 2450 1571 2472 ε

101 2489 143 2520 52
169 2486 398 2529 amphioraus
425 2487 487 2517 FL
518 2485 533 2528 ΙΙ
566 2488 666 2526 aquis
693 2498 711 2518 τ
803 2489 845 2519 53
870 2487 1012 2527 ulysses
1038 2486 1092 2518 N?
1185 2487 1228 2518 54
1251 2485 1449 2526 philoctete
1475 2486 1506 2516 A
1538 2485 1616 2526 phi-

100 2533 250 2564 loctetis
275 2530 303 2574 β
327 2530 509 2572 philoeete
534 2532 564 2563 F
594 2532 796 2574 philoteete
820 2532 851 2562 R
876 2531 1053 2573 philotete
1077 2531 1110 2562 D
1142 2529 1158 2573 ll
1197 2533 1252 2562 est
1283 2540 1342 2562 om.
1375 2529 1437 2569 (ὶψ
1469 2528 1484 2571 Η
1516 2529 1616 2560 fama

103 2621 173 2653 fuit
196 2622 225 2652 F
294 2622 338 2653 55
363 2623 419 2652 est
444 2605 484 2652 :is
504 2629 528 2660 n
552 2620 581 2651 F
606 2619 712 2652 tanta·
736 2622 833 2652 intra
859 2585 1028 2662 3333?ss
1113 2621 1154 2652 57
1179 2619 1322 2651 nescire
1357 2617 1389 2660 [e
1415 2620 1554 2650 alterum
1579 2619 1613 2649 in

101 2663 186 2708 ras]
213 2666 242 2697 F
277 2664 293 2708 ss
324 2675 394 2706 que
419 2676 489 2697 non
514 2664 767 2706 ABCDFNPR
793 2675 886 2706 quae
910 2665 926 2696 1
952 2676 1023 2706 qua
1049 2665 1111 2705 Εψ
1138 2674 1209 2705 qua
1233 2663 1294 2694 BL
1321 2668 1354 2694 et
1378 2674 1396 2694 e
1420 2664 1504 2695 coni.
1531 2662 1614 2695 Sca-

102 2713 188 2753 liger
213 2721 318 2752 quam
343 2720 414 2742 non
439 2710 470 2742 G

216 2814 269 2851 45
300 2825 385 2850 caue
416 2813 450 2849 d.
483 2819 518 2848 et
548 2814 590 2849 M
688 2813 740 2849 46
773 2824 843 2860 quo
875 2813 962 2850 HM
1057 2811 1107 2848 51
1141 2811 1183 2847 de
1214 2811 1370 2848 fulminis
1401 2812 1440 2848 H
