1844 3223
198 171 254 213 54
835 181 895 210 Ex
926 181 1076 211 Poxro

367 284 622 340 participem
653 282 786 323 studii
818 282 977 323 Caesar
1006 281 1165 323 habere
1195 282 1315 325 solet.

311 363 359 398 tu
391 370 532 397 comes
563 356 786 410 antiquus,
818 360 865 395 tu
896 355 1046 410 primis
1077 355 1247 397 iunctus
1279 356 1333 398 ab
1363 359 1487 398 annis

372 429 545 483 ingenio
576 442 714 469 mores
745 427 1051 483 aequiperante
1081 427 1236 483 places.

234 506 286 543 45
318 508 360 543 te
391 501 561 542 dicente
590 501 709 555 prius
740 500 787 541 fit
818 501 1013 556 protinus
1044 501 1230 556 impetus
1262 501 1346 556 illi,

375 582 502 630 teque
533 573 664 614 habet
701 572 846 614 elicias
880 574 953 629 qui
983 588 1059 614 sua
1089 573 1223 614 uerba
1251 575 1351 615 tuis.

320 662 414 689 cum
445 654 491 688 tu
522 646 675 688 desisti
704 645 985 702 mortaliaque
1016 661 1088 687 ora
1120 648 1320 702 quierunt

373 727 572 775 tectaque
603 734 688 761 non
719 718 847 774 longa
878 720 1121 761 conticuere
1151 734 1291 772 mora,

317 794 455 847 surgit
486 792 606 833 Iuleo
638 793 806 834 iuuenis
838 793 1093 847 cognomine
1124 791 1313 847 diguuS,

235 872 288 907 50
375 864 512 921 qualis
543 865 598 906 ab
631 867 719 907 eois
750 865 903 906 lucifer
933 872 1050 906 ortus
1081 866 1217 921 aquis.

318 938 504 994 dumque
535 937 665 978 silens
696 938 859 991 adstat,
894 944 1030 979 status
1063 945 1127 979 est
1157 938 1388 995 uultusque
1419 939 1592 993 diserti,

373 1026 580 1068 spemque
611 1011 767 1053 decens
800 1011 952 1052 doctae
982 1012 1099 1052 uocis
1132 1012 1315 1053 amictus
1347 1012 1491 1053 habet.

319 1099 440 1138 mox,
474 1084 549 1125 ubi
581 1083 705 1140 pulsa
735 1099 853 1126 mora
885 1090 949 1125 est
980 1090 1108 1140 atque
1140 1100 1185 1126 os
1217 1084 1403 1127 caeleste
1434 1085 1635 1139 solutum,

376 1157 456 1199 hoc
487 1172 664 1214 superos
696 1159 811 1198 iures
842 1172 959 1199 more
991 1156 1128 1198 solere
1158 1157 1297 1214 loqui,

234 1236 285 1272 55
317 1238 446 1287 atque
477 1231 600 1272 ‘haec
632 1235 711 1272 est'
744 1230 862 1271 dicas
894 1230 1115 1271 <facundia
1145 1232 1340 1287 principe
1371 1231 1541 1286 digna':

375 1304 543 1360 eloquio
576 1310 744 1345 tantum
774 1303 1013 1345 nobilitatis
1041 1305 1167 1345 inest.

318 1377 419 1418 huic
449 1384 497 1418 tu
528 1391 623 1417 cum
654 1376 824 1433 placeas
857 1384 897 1418 et
929 1378 1091 1418 uertice
1122 1377 1265 1418 sidera
1296 1385 1469 1432 tangas,

375 1451 536 1506 scripta
565 1457 708 1491 tamen
740 1449 912 1506 profugi
942 1451 1053 1491 uatis
1085 1450 1283 1491 habenda
1315 1459 1454 1506 putas.

319 1522 484 1566 scilicet
515 1524 700 1579 ingeniis
731 1522 876 1579 aliqua
907 1530 971 1564 est
1002 1523 1230 1565 concordia
1262 1524 1444 1576 iunctis,

237 1602 289 1639 60
376 1603 417 1637 et
448 1603 591 1638 seruat
622 1596 757 1637 studii
787 1595 960 1637 foedera
993 1598 1174 1653 quisque
1206 1597 1291 1637 sui:

320 1671 506 1712 rusticus
537 1668 793 1725 agricolam,
826 1668 947 1710 miles
979 1670 1069 1710 fera
1100 1669 1212 1711 bella
1242 1676 1484 1724 gerentem,

376 1750 585 1784 rectorem
618 1742 775 1783 dubiae
806 1743 952 1783 nauita
982 1744 1137 1800 puppis
1169 1750 1297 1784 amat.

321 1822 368 1857 tu
399 1830 568 1872 quoquc
599 1815 820 1856 Pieridum
851 1815 1015 1868 studio,
1050 1815 1262 1869 studiose,
1295 1817 1475 1869 teneris,

298 1994 340 2023 42
366 1992 500 2024 studiis
526 1993 554 2023 Ε
624 1994 666 2024 43
693 1993 840 2032 autiqus
866 1993 894 2023 L
921 1994 1070 2034 antiquo
1097 1992 1123 2023 C
1157 1993 1318 2033 antiquis
1342 1993 1406 2024 DF„
1439 1991 1453 2034 Η
1485 1992 1609 2034 primis
1641 1993 1728 2024 mihi

207 2039 354 2070 iunctus
373 2037 402 2068 G
429 2038 564 2078 primus
582 2037 610 2068 P
679 2039 723 2068 44
749 2038 1013 2079 aequiparante
1032 2035 1300 2079 CDEGNPffls]
1370 2041 1414 2070 45
1433 2039 1470 2068 lit
1487 2038 1648 2079 protinus
1665 2050 1725 2072 om.

209 2084 238 2114 A
259 2080 274 2125 Η
299 2083 463 2114 discente
485 2081 518 2124 [s
536 2084 569 2113 in
587 2080 669 2123 rcum]
690 2083 717 2113 1⁸
746 2083 845 2123 prius
870 2082 1013 2114 (licendi
1041 2087 1096 2114 cst
1120 2083 1274 2123 impetus
1293 2084 1322 2114 L
1393 2085 1435 2115 40
1454 2087 1493 2113 ut
1510 2093 1574 2114 sua
1594 2083 1620 2113 F
1648 2093 1726 2114 cuni

209 2139 274 2159 sua
299 2139 318 2159 τ
387 2130 429 2159 47
456 2127 601 2159 (lesistis
627 2126 895 2169 BEFGLNPW
964 2128 1007 2158 48
1033 2131 1205 2168 tectaque
1231 2128 1457 2159 ABDEFGL
1485 2131 1668 2169 tectaque,
1695 2130 1728 2159 in

208 2184 331 2213 marga
358 2176 393 2204 et
418 2183 481 2204 ora
507 2172 632 2204 clausa
660 2173 685 2203 Ρ
713 2172 909 2213 clausaque
937 2172 1030 2213 (3th
1060 2171 1119 2214 [cf.
1150 2172 1252 2214 Verq.
1281 2173 1322 2206 A.
1352 2173 1394 2212 X,
1412 2170 1486 2213 101]
1516 2174 1726 2205 continuere

211 2220 237 2250 C
309 2220 351 2250 49
377 2228 486 2259 sui-ga
519 2217 608 2248 iulio
634 2217 663 2248 A
695 2219 812 2259 surgit
845 2218 889 2249 ab
917 2217 1004 2248 iulio
1030 2218 1058 2248 L
1085 2218 1200 2257 surgit
1231 2218 1275 2248 ab
1308 2218 1363 2248 his
1395 2218 1536 2249 iuuenis
1562 2217 1627 2248 iuli
1652 2218 1680 2248 E
1710 2219 1713 2255 Ι

210 2264 326 2294 ‹lictus
345 2263 372 2293 κ]
391 2274 444 2304 pr.
466 2264 497 2295 cl.
516 2265 536 2293 I.
558 2262 620 2303 (ὶψ
646 2261 709 2306 do—s·
740 2263 868 2302 (lignus
894 2263 922 2293 1⁴¹
986 2265 1028 2295 50
1055 2262 1185 2294 lucifer
1202 2263 1277 2294 exit
1297 2262 1359 2302 Οψ
1429 2265 1467 2293 51
1490 2273 1640 2303 cumque
1661 2263 1688 2293 1,
1710 2260 1711 2301 1

211 2308 320 2339 silent
345 2308 440 2338 Ome
468 2307 579 2338 silens
607 2307 711 2338 afflat
737 2318 755 2338 τ
786 2305 801 2348 Η
839 2311 892 2338 est
918 2318 976 2339 om.
1010 2308 1037 2338 Ρ
1070 2305 1084 2349 Η
1122 2307 1254 2338 deserti
1280 2307 1309 2338 A
1402 2309 1443 2339 52
1476 2317 1628 2348 spesque
1652 2307 1680 2338 B
1710 2309 1713 2345 ἶ

211 2353 347 2384 docens
379 2352 605 2383 ABCDFGL
643 2352 776 2383 docens
815 2352 841 2383 l'
874 2356 1002 2383 tacens
1040 2353 1068 2383 1⁴:
1106 2355 1234 2383 tacens
1262 2351 1282 2394 β
1308 2363 1353 2383 ea:
1385 2363 1474 2384 eurr.
1506 2349 1520 2394 Η
1555 2352 1661 2383 docte
1698 2352 1727 2382 Α

210 2398 309 2429 ‹locti
335 2398 362 2428 Β
391 2396 406 2439 Η
439 2398 577 2428 amicus
614 2396 953 2439 AsscmeFGLNJJs
991 2397 1105 2428 habes
1139 2398 1165 2427 C
1204 2398 1358 2428 amictus
1385 2398 1431 2431 ll,
1467 2392 1533 2438 [cll.
1574 2398 1726 2435 Quinc-hl.

210 2443 276 2479 xl,
305 2440 341 2484 3]
439 2444 480 2474 53
507 2441 625 2481 adque
656 2442 679 2472 P
712 2441 726 2483 Η
758 2442 917 2473 solutum
950 2447 1004 2473 est
1030 2442 1121 2472 (31311
1215 2444 1257 2473 54
1284 2442 1399 2482 adque
1433 2442 1499 2473 hoc
1526 2441 1552 2472 I'
1582 2439 1596 2483 Η
1630 2442 1727 2472 iuras

210 2498 360 2529 superos
385 2487 414 2518 E
445 2485 460 2529 Η
490 2487 567 2517 uiro
593 2497 688 2518 more
716 2488 743 2517 B
770 2497 830 2517 ore
857 2486 884 2517 l‘
912 2498 1007 2519 inore
1034 2483 1062 2516 E
1097 2484 1111 2528 Η
1141 2486 1283 2517 soluere
1307 2487 1335 2517 A
1362 2487 1486 2518 solane
1513 2498 1531 2518 τ
1613 2489 1655 2518 55
1681 2486 1726 2517 ad

210 2543 313 2574 quiem
340 2532 432 2563 hacc
459 2533 475 2562 ῡ
500 2532 530 2562 Λ
556 2531 671 2573 adque
697 2532 763 2563 hoc
788 2532 816 2562 P
842 2531 934 2563 haec
959 2536 998 2563 ut
1018 2532 1046 2560 (ὲ
1079 2531 1093 2573 Η
1124 2531 1235 2570 (ligna
1262 2532 1332 2563 fac.
1360 2532 1473 2572 princ.
1500 2531 1602 2561 dicas
1629 2532 1657 2562 L

210 2579 251 2609 57
277 2581 316 2608 ut
341 2576 571 2618 complaceas
598 2576 624 2607 B
653 2587 730 2608 cuin
758 2581 795 2607 tu
822 2577 882 2607 l-:F
914 2574 929 2618 Η
962 2587 1039 2607 cum
1067 2576 1203 2608 uertice
1223 2588 1241 2607 τ
1267 2576 1388 2607 sidera
1415 2577 1553 2607 uertice
1573 2581 1621 2609 ew
1685 2577 1727 2607 58

209 2623 346 2653 habere
374 2621 400 2653 C
433 2620 447 2663 Η
480 2622 796 2664 profuge—putes
828 2622 856 2652 F
949 2624 990 2653 59
1025 2621 1162 2661 aliquid
1195 2621 1389 2653 concordia
1413 2620 1473 2652 AC
1507 2620 1646 2661 aliquid
1671 2623 1728 2652 est

211 2667 338 2698 cordia
364 2668 390 2698 B
424 2665 440 2708 Η
472 2669 604 2698 nostris
623 2679 641 2698 τ
711 2669 754 2700 60
778 2665 895 2698 sidera
921 2676 1062 2707 queque
1082 2666 1136 2698 sui
1154 2667 1181 2697 Β
1252 2669 1293 2698 62
1313 2666 1418 2697 dubie
1436 2666 1466 2697 A
1535 2666 1577 2697 63
1604 2665 1725 2708 pigen-

211 2712 292 2743 dum
320 2712 438 2743 studio
465 2712 492 2743 B
518 2712 675 2744 studium
700 2713 729 2743 A

324 2838 376 2875 48
408 2838 596 2885 clausaque
628 2839 668 2874 H
670 2837 713 2874 M
