1844 3223
656 186 740 239 III,
777 190 808 230 1,
846 190 1075 226 102—1-153.
1573 189 1624 228 ἵει

224 297 487 352 Telegoniue
518 312 671 354 parens
703 297 922 339 uertomlis
954 304 1052 338 nata
1084 297 1255 352 figuris,

284 385 480 427 nexaque
510 371 694 412 nodosas
726 385 864 425 angue
895 370 1077 411 Medusa
1109 385 1271 411 comas:

116 447 193 483 125
225 442 383 484 femina
416 443 490 483 sed
523 444 744 500 princeps,
778 444 821 483 in
853 457 936 498 qua
966 442 1138 483 fortuna
1168 442 1315 483 uidere

281 530 326 557 se
357 516 509 572 probat
540 523 582 557 et
613 530 762 556 caecae
794 516 971 555 erimina
1002 514 1111 555 falsa
1143 514 1260 556 tulit:

223 603 307 644 qua
338 588 445 629 nihil
476 590 519 629 in
550 590 674 629 terris
705 588 758 628 ad
791 588 917 628 finem
949 587 1050 629 solis
1081 587 1136 627 ab
1167 595 1262 629 ortu

279 660 456 714 elarius,
490 668 670 718 excepto
703 661 907 712 Caesare,
939 659 1123 701 mundus
1157 660 1296 701 habet.

223 732 370 788 eligito
402 740 569 790 tempus
602 740 817 790 captatum
849 747 976 789 saepe
1007 733 1208 787 rogandi,

112 811 192 848 130
279 813 403 847 exeat
434 806 617 848 aduersa
647 821 700 847 ne
731 813 803 847 tua
834 807 956 846 nauis
987 820 1110 862 aqua.

220 893 304 920 non
336 893 504 936 semper
535 894 676 921 sacras
707 879 894 920 reddunt
925 878 1096 940 oracula
1126 880 1274 931 sortis,

276 952 455 1008 ipsaque
485 967 569 993 non
600 953 715 993 omni
745 959 938 1008 tempore
969 952 1070 992 fana
1100 959 1261 1007 patent.

221 1038 316 1065 eum
349 1031 483 1066 status
515 1024 635 1065 urbis
668 1025 769 1078 erit,
802 1024 969 1081 qualem
1000 1039 1113 1065 nune
1142 1039 1330 1079 auguror
1361 1039 1475 1077 esse,

277 1104 318 1138 et
348 1097 490 1139 nullus
521 1097 669 1154 populi
700 1098 923 1139 contrahet
953 1112 1027 1139 ora
1058 1096 1199 1138 dolor:

110 1173 188 1211 135
221 1183 317 1210 eum
348 1170 498 1211 domus
529 1171 740 1225 Augusti,
774 1170 962 1226 Capitoli
992 1184 1109 1211 more
1140 1169 1341 1223 colenda,

274 1241 406 1296 laeta,
440 1242 555 1298 quod
588 1250 652 1284 est
684 1249 725 1284 et
756 1244 833 1295 sit,
866 1242 1077 1299 plenaque
1108 1244 1225 1299 pacis
1258 1244 1358 1283 erit:

219 1321 310 1356 tum
341 1316 445 1368 tibi,
478 1316 522 1356 di
553 1315 733 1368 faciant,
766 1315 955 1356 adeundi
986 1317 1108 1372 eopia
1138 1316 1232 1368 fiat,

276 1388 521 1444 profectura
550 1387 716 1444 aliquid
747 1395 838 1429 tum
873 1396 948 1430 tua
977 1388 1108 1429 uerba
1142 1396 1281 1444 putes.

221 1460 257 1501 si
289 1461 394 1516 quid
424 1468 526 1516 aget
556 1463 716 1515 maius,
749 1461 873 1503 differ
902 1469 976 1503 tua
1007 1468 1180 1518 coepta,
1213 1475 1402 1517 eaueque

111 1537 191 1575 140
278 1548 397 1590 spem
428 1533 673 1575 festinando
704 1535 989 1591 praecipitare
1019 1550 1172 1576 meam.

220 1620 299 1647 nee
328 1621 476 1648 rursus
507 1607 655 1660 iubeo,
688 1607 791 1648 dum
822 1609 878 1649 sit
908 1608 1186 1660 uaeuissima,
1220 1621 1420 1663 quaeras:

276 1680 467 1735 eorporis
498 1679 553 1720 ad
586 1695 730 1721 euram
761 1681 838 1721 uix
867 1687 992 1721 uacat
1023 1680 1095 1721 illa
1127 1681 1205 1722 sui.

221 1751 355 1806 [curia
385 1766 481 1793 cum
510 1752 707 1809 patribus
739 1753 870 1794 fuerit
900 1755 1059 1809 stipata
1089 1753 1311 1806 uerendis,

197 1856 260 1887 123
285 1855 515 1897 telaegoniae
539 1856 570 1887 A
595 1856 828 1898 telegonique
853 1855 1014 1893 BCFGw
1043 1853 1059 1899 Η
1092 1857 1277 1888 imitandis
1303 1868 1322 1888 τ
1404 1857 1465 1887 124
1499 1867 1619 1888 comas

107 1902 165 1932 est
188 1900 217 1931 B
313 1902 377 1932 125
403 1901 542 1932 semina
567 1901 595 1932 B
692 1904 754 1933 126
780 1905 814 1933 te
842 1902 868 1932 B
902 1899 916 1943 Η
949 1912 1052 1933 eccm
1078 1903 1102 1931 Β
1138 1901 1152 1944 Η
1183 1902 1283 1933 fassa
1311 1902 1341 1933 G
1435 1903 1498 1932 128
1523 1912 1620 1933 mon-

106 1944 171 1976 dus
195 1945 224 1976 F
304 1946 366 1977 129
391 1948 536 1986 roganti
562 1946 720 1977 CFENP
810 1948 870 1979 130
896 1950 1015 1978 exstet
1040 1948 1077 1977 in
1103 1948 1259 1978 aduersa
1283 1951 1314 1984 ψ
1346 1944 1360 1989 Η
1392 1957 1436 1977 ne
1464 1947 1530 1977 tibi
1555 1958 1573 1978 τ
1616 1966 1617 1988 1

108 1992 211 2021 ereat
235 1990 292 2028 (θί.
312 1999 342 2021 e.
368 1989 572 2023 haereat’
597 1991 660 2030 H.)
679 2002 698 2023 τ
763 1993 822 2023 131
843 1991 998 2023 reddunt
1016 2001 1141 2022 sacras
1166 2003 1185 2023 τ
1210 1991 1224 2032 Η
1248 1992 1400 2023 oracula
1426 2001 1533 2022 uoces
1554 1992 1579 2022 B
1614 1992 1616 2027 3

106 2035 287 2067 ‘distichon
317 2035 437 2066 dubiae
464 2036 563 2075 fidei,
596 2037 661 2067 nisi
691 2035 980 2068 Clarias-sortes
1009 2036 1093 2075 fort.
1124 2038 1246 2077 reponi
1273 2038 1398 2077 plac-et’
1424 2036 1470 2067 H.
1558 2038 1620 2068 132

958 2096 1030 2114 UUUC

106 2123 244 2165 templa
268 2124 300 2155 N
387 2125 449 2156 133
475 2124 555 2155 dum
583 2124 645 2157 CG
676 2122 690 2167 Η
724 2128 825 2157 satus
849 2125 880 2156 A
909 2122 924 2168 Η
956 2134 1028 2168 ᾳφῃ
1054 2126 1081 2156 F
1113 2124 1127 2167 Η
1160 2136 1316 2167 auguror
1342 2127 1419 2167 ipse
1446 2124 1468 2167 β
1555 2127 1619 2157 134

108 2168 293 2201 contrahit
319 2179 335 2201 ε
369 2172 531 2201 conteret
561 2181 581 2202 τ
610 2167 625 2212 Η
659 2170 762 2201 timor
794 2171 823 2201 N
861 2168 876 2212 Η
916 2172 978 2202 135
1013 2170 1188 2211 capitolia
1213 2171 1243 2202 A
1281 2169 1296 2213 Η
1329 2171 1473 2202 colendi
1499 2170 1525 2200 B
1565 2180 1621 2201 eo-

106 2212 215 2245 lenda
246 2216 301 2245 est
331 2215 359 2245 P
391 2213 406 2256 Η
438 2224 517 2246 eum
550 2218 710 2256 augusta
741 2214 832 2246 dom.
866 2214 1016 2256 capitoli
1047 2226 1090 2246 111.
1125 2216 1266 2247 colendi
1297 2218 1382 2248 coni.
1416 2216 1461 2246 ll.
1558 2215 1620 2246 136

107 2258 331 2290 erit—inest
355 2258 382 2290 O
456 2261 518 2291 137
545 2269 625 2290 curn
651 2260 718 2291 tibi
743 2259 909 2291 dificiant
926 2260 956 2290 A
983 2270 1061 2291 eum
1087 2259 1193 2302 tibiss
1221 2270 1298 2292 cum
1325 2261 1392 2291 tibi
1411 2260 1462 2290 dii
1481 2260 1620 2290 facient

106 2302 136 2334 B
167 2306 254 2334 tunc
285 2303 433 2336 FeGNP
464 2314 559 2335 nunc
590 2306 621 2336 D
655 2304 706 2335 dii
737 2305 888 2336 faueant
918 2306 981 2344 [ψ
1015 2303 1031 2347 Η
1061 2306 1166 2347 copia
1198 2306 1302 2336 detur
1326 2311 1356 2345 ψ
1451 2305 1514 2336 138
1540 2315 1621 2344 pro-

107 2347 241 2379 fecturi
265 2347 296 2379 A
326 2345 341 2389 Η
372 2351 458 2380 tune
483 2350 650 2390 Pzp‘eum
675 2349 736 2380 BE
769 2348 786 2392 Η
816 2352 934 2392 putaes
958 2350 988 2381 A
1012 2353 1100 2391 puta
1129 2352 1190 2391 (ὶψ
1222 2355 1327 2392 putas
1358 2356 1388 2390 ψ
1420 2349 1448 2380 1’
1480 2353 1564 2391 puto
1591 2349 1618 2379 E

106 2399 125 2426 l’
160 2401 255 2426 utem2
1368 2402 1385 2428 l·
1402 2403 1487 2429 uota2

106 2409 214 2479 plites
259 2436 290 2468 L
354 2438 417 2470 139
443 2448 530 2479 ages
554 2439 670 2471 mauis
696 2440 725 2471 B
747 2436 762 2482 Η
785 2439 887 2471 defer
913 2450 929 2472 ε
950 2437 965 2482 Η
994 2440 1217 2472 tua—uerba
1236 2441 1264 2472 F
1290 2444 1352 2472 tua
1379 2444 1485 2481 cepta
1522 2439 1551 2470 L

109 2527 172 2558 140
197 2529 298 2566 tuam
329 2537 444 2558 meam
470 2527 499 2558 F
527 2530 626 2559 tuam
651 2533 680 2568 ψ
752 2530 813 2560 141
839 2529 932 2560 haee
958 2539 1080 2561 rursus
1105 2529 1134 2561 Ο
1160 2493 1227 2561 rigi:
1254 2531 1281 2561 F
1308 2539 1446 2561 rursum
1473 2528 1499 2560 C
1523 2526 1538 2571 Η
1562 2539 1619 2560 ru-

108 2571 177 2603 beo
201 2572 230 2603 P
263 2571 277 2613 Η
309 2572 382 2602 sint
406 2572 435 2602 F
509 2573 571 2603 142
599 2572 732 2604 cultum
759 2574 941 2606 CEsFGN
967 2575 1105 2606 culmen
1131 2575 1163 2605 D
1236 2576 1300 2605 14:⁴1
1324 2576 1441 2606 omittit
1466 2575 1497 2604 A
1521 2575 1616 2605 (listi-

108 2649 192 2682 clzon
217 2651 296 2682 143.
316 2651 383 2681 144
407 2660 427 2681 a
446 2661 542 2681 manu
559 2661 628 2684 ree.
645 2662 727 2683 orae
752 2653 878 2684 codicis
894 2650 916 2694 β
940 2654 1147 2694 adscriptum
1172 2657 1236 2684 est.
1252 2617 1389 2684 Ϋάςιΐιᾞῖῐ,
1416 2652 1496 2683 dum
1515 2653 1580 2684 DN
1600 2651 1614 2695 j]

108 2694 219 2726 fuerit
243 2695 409 2736 patribus
435 2694 594 2728 CEFGN
623 2693 640 2738 Η
673 2697 842 2738 stipanda
865 2703 896 2737 ψ

223 2787 303 2824 130
332 2788 475 2823 haereat
505 2788 549 2824 H
632 2788 723 2824 131.
760 2789 836 2826 132
874 2792 982 2826 uncis
1018 2791 1106 2826 incl.
1138 2790 1180 2827 Η
1276 2790 1366 2827 137.
1401 2790 1477 2828 138
1512 2793 1618 2828 uncis

108 2843 196 2879 incl.
220 2843 261 2879 H
349 2843 422 2879 141
458 2848 567 2881 uncis
596 2846 684 2881 incl.
719 2846 761 2881 H
