1844 3223
234 197 326 226 XXX
851 197 1123 227 PRAEFATw.

877 300 1024 331 l'coibet

587 343 719 384 multa
750 350 865 383 metu
897 358 1005 398 pene
1038 358 1147 399 pena.
1177 345 1250 400 qui
1282 360 1321 400 p.
1356 361 1391 385 c.
1426 345 1460 384 l),

586 415 718 456 multa
751 423 867 456 metu
898 415 1069 457 cohibet
1102 423 1142 457 et
1174 431 1280 472 pena
1313 433 1353 473 p.
1386 433 1420 458 c.
1458 417 1496 457 I)

586 488 717 529 multa
749 496 864 529 metu
896 488 1066 529 cohibet
1098 504 1234 545 poena·
1266 490 1338 545 qui
1370 505 1411 545 p.
1441 506 1477 530 0.
1511 491 1585 530 ()l'

585 561 717 602 multa
748 568 863 602 metu
894 577 1056 617 poenae
1087 563 1158 618 qui
1190 576 1325 618 poena
1358 578 1399 618 p.
1431 577 1467 603 0.
1500 562 1579 603 EG

406 643 443 675 et
476 635 547 690 qui
579 634 713 676 multa
747 642 860 676 metu
892 635 968 675 sed
999 650 1135 691 poena
1166 651 1207 691 p.
1241 651 1276 675 c.
1309 636 1374 688 „60

584 707 715 749 multa
747 715 863 749 metu
890 699 1009 764 'pene
1042 709 1114 764 qui
1146 707 1278 748 multa
1309 708 1506 749 cohercet
1536 723 1680 750 amore
1712 710 1747 750 L

350 781 386 832 l,
419 782 463 834 4,
497 783 550 822 :lo
582 796 690 836 quae
723 781 829 822 solet.
860 781 1066 822 esoniden
1098 797 1145 823 sa
1176 781 1320 821 carina
1352 781 1434 822 fuit
1464 782 1502 821 A

586 869 693 910 quae
724 854 821 896 tulit
854 854 1057 895 esoniden
1089 854 1221 895 densa
1253 855 1398 895 carina
1428 855 1511 895 fuit
1542 856 1579 895 O

585 959 1060 971 ............
1094 942 1213 968 saera
1245 928 1390 968 carina
1420 927 1503 968 fuit
1535 928 1606 969 CN

588 1031 1056 1041 ............
1089 1000 1211 1040 firma
1234 1031 1242 1040 .
1269 1032 1276 1040 .
1303 1032 1311 1040 .
1333 1033 1340 1041 .
1366 1000 1750 1054 l)l‹]l‹‘GLl’[3c0rr.

1082 1069 1183 1100 firma

586 1127 669 1169 qua.
700 1113 816 1154 subit
849 1113 1046 1154 esonides
1077 1127 1182 1167 argo
1214 1113 1359 1152 carina
1391 1112 1472 1153 fuit
1503 1113 1538 1153 Β

352 1187 464 1240 11,9
502 1187 553 1227 37
588 1185 655 1226 fac
686 1186 896 1241 profugus
929 1187 1041 1227 intra
1072 1193 1143 1227 tua
1175 1186 1216 1226 A

589 1259 656 1300 fac
688 1260 827 1316 prosis
860 1260 969 1300 intra
1001 1266 1075 1300 tua
1106 1259 1370 1312 BCFLNPJJ

588 1332 656 1373 fac
687 1334 825 1389 prosis
857 1333 969 1373 inter
999 1339 1073 1373 tua
1105 1331 1233 1373 DEG

468 1221 478 1240 7

584 1406 651 1446 fac
683 1406 865 1462 profugo
897 1407 1064 1461 prosint
1093 1413 1167 1447 tua
1198 1420 1276 1446 0111.
1310 1406 1360 1446 R.
1394 1403 1576 1446 Merkel.

345 1496 468 1549 Quae
497 1512 592 1537 cum
614 1497 672 1538 ita
697 1497 783 1537 sint
804 1497 872 1549 Λβ
896 1495 1007 1537 50105
1031 1495 1269 1551 sequendos
1293 1510 1384 1536 0550
1407 1495 1534 1536 facile
1555 1495 1749 1551 adparet.

234 1570 363 1622 Quod
395 1578 435 1611 et
458 1569 696 1612 Merkelius
729 1569 831 1611 feeit
864 1577 904 1610 et
935 1584 1010 1610 1105
1036 1568 1108 1609 1110
1131 1570 1258 1609 etiam
1281 1567 1534 1623 diligentius
1557 1568 1750 1620 fecimus,

233 1645 507 1700 praecipuam
546 1658 717 1700 operam
758 1644 795 1683 01
835 1642 1042 1684 librorum
1074 1642 1349 1683 Ponticorum
1387 1642 1497 1698 parti
1528 1647 1750 1695 nauantes,

232 1733 357 1774 quam
389 1719 456 1758 uir
487 1717 559 1758 ille
596 1717 745 1759 doctus
786 1715 1029 1767 codicibus,
1070 1730 1175 1771 quos
1215 1716 1338 1756 unice
1379 1715 1618 1770 sequendos
1659 1730 1752 1756 0550

233 1791 468 1844 intellexit,
502 1793 641 1831 minus
673 1790 902 1842 adhibitis,
935 1788 988 1829 ad
1020 1789 1191 1830 Heinsii
1222 1803 1390 1828 normas
1424 1788 1580 1828 excudi
1612 1789 1751 1829 iussit.

346 1865 552 1905 Codicum
586 1878 688 1920 quos
711 1863 904 1904 recensui
928 1862 1130 1904 lectiones
1154 1862 1449 1917 discrepantes
1479 1875 1624 1902 omncs
1655 1876 1745 1902 con-

233 1939 376 1994 posui,
417 1953 500 1978 non
537 1953 618 1994 quo
649 1952 826 1992 magnos
860 1935 959 1978 inde
991 1936 1156 1977 fructus
1189 1935 1505 1975 redundaturos
1539 1949 1632 1975 0550
1664 1949 1751 1975 010-

234 2012 379 2051 (1010111
411 2037 464 2041 -
496 2026 592 2051 nam
633 2012 772 2051 textui
811 2009 1077 2051 restituendo
1116 2009 1285 2051 codices
1317 2008 1528 2060 A'Affloss
1568 2007 1751 2049 sufficie—

234 2085 337 2126 bant
375 2110 449 2138 —,
498 2084 572 2125 sod
610 2091 655 2125 ut
696 2091 978 2139 quantopere,
1026 2083 1207 2124 saeculis
1252 2081 1654 2138 progredientibus,
1704 2095 1753 2121 ea

233 2173 341 2215 quae
374 2158 559 2198 Ouidius
601 2158 795 2214 scripsit,
837 2172 861 2197 a
892 2172 993 2197 uera
1023 2157 1296 2211 germinaque
1327 2155 1463 2195 forma
1494 2153 1750 2194 declinauis-

235 2239 350 2285 sent,
389 2246 472 2272 uno
512 2232 632 2286 quasi
672 2237 909 2286 conspectu
948 2231 1222 2270 manifestum
1260 2228 1393 2268 fieret.
1455 2226 1598 2268 Aliam
1638 2227 1752 2267 uiam

235 2303 562 2359 ingrediendam
594 2305 740 2345 censui
772 2305 817 2345 in
849 2304 909 2344 015
942 2303 1164 2345 codicibus
1195 2301 1482 2356 adiungendis
1513 2315 1565 2341 ex
1595 2300 1752 2356 quibus

235 2379 440 2419 Heinsius
489 2391 616 2417 unam
667 2384 708 2417 et
754 2376 931 2418 alteram
976 2376 1057 2417 loci
1107 2375 1335 2416 lectionem
1383 2374 1587 2415 enotauit.
1665 2371 1753 2424 Qui

235 2466 329 2492 eum
362 2451 451 2491 fere
482 2465 628 2491 onmes
661 2456 800 2491 essent
833 2449 1139 2501 recentissimi,
1174 2449 1211 2487 01
1243 2454 1384 2488 autem
1417 2462 1520 2504 quos
1545 2446 1751 2488 Heinsius

236 2523 403 2565 saeculo
426 2523 518 2564 XII
539 2523 794 2578 adscripsit,
828 2524 930 2564 satis
963 2529 1123 2563 temere
1156 2519 1452 2576 interpolatiss)
1488 2519 1557 2575 [cf.
1582 2522 1752 2561 Bemer—

326 2649 357 2692 ³²)
385 2651 488 2690 Quod
515 2649 538 2681 l.
558 2649 581 2682 1.
608 2648 651 2681 (10
670 2648 943 2684 Twisdeniano,
970 2648 1194 2687 Feschiano,
1222 2649 1402 2680 Vaticano
1428 2646 1511 2678 aliis
1537 2645 1640 2677 libris
1665 2645 1751 2685 dixi,

239 2695 364 2738 plenos
392 2706 452 2727 005
479 2705 557 2727 0550
584 2694 905 2736 interpolationum
932 2705 998 2725 nec
1026 2694 1069 2724 ad
1097 2697 1231 2726 textum
1258 2691 1522 2724 restituendum
1551 2690 1660 2722 ullius
1687 2690 1752 2722 ali-

237 2751 339 2782 quem
373 2741 547 2779 fructum,
582 2740 674 2770 idem
709 2739 797 2770 licet
825 2739 868 2770 de
897 2740 948 2770 eis
975 2739 1194 2771 lectionibus
1220 2738 1359 2776 (licere,
1394 2747 1483 2778 quas
1510 2746 1551 2767 ex
1577 2735 1752 2767 Politiani

237 2785 400 2825 schedis,
433 2785 643 2816 Florentiae
675 2785 711 2816 in
744 2784 968 2816 bibliotheca
1000 2784 1309 2815 dominicanorum
1343 2782 1517 2820 seruatis,
1551 2780 1751 2821 descriptas

239 2831 409 2862 Heinsius
435 2831 542 2861 nimis
568 2840 678 2871 saepe
704 2832 739 2860 in
767 2833 901 2861 textum
930 2829 1062 2860 intulit.
1105 2829 1179 2860 Nee
1205 2837 1293 2870 opus
1319 2831 1373 2859 est
1390 2827 1529 2858 uerbis:
1557 2835 1649 2867 quae
1668 2825 1750 2856 inde

238 2876 410 2908 lleiusius
444 2875 488 2907 ad
521 2875 626 2916 primi
657 2875 878 2917 alteriusque
906 2875 990 2906 libri
1016 2874 1178 2906 earmina
1203 2873 1330 2905 laudat
1357 2872 1553 2914 adponam,
1586 2870 1751 2903 codicum
