1844 3223
203 184 313 213 xxvl
815 188 901 218 PRA
911 188 1093 220 EFATlO.

202 285 334 326 multa
382 286 491 326 enim
542 302 709 341 eorum,
759 304 867 344 quae
914 305 1115 346 peruersa
1157 297 1195 331 et
1236 291 1343 333 falsa
1384 294 1425 333 in
1468 293 1721 336 lectionibus

202 373 255 397 ex
287 358 326 398 (1
360 361 542 400 enotatis
585 361 884 415 inueniuntur,
925 363 1090 403 scribae
1129 363 1427 419 neglegentiae
1465 367 1579 408 haud
1619 384 1720 409 sane

201 445 360 486 paruae
398 433 661 486 tribuantur,
703 442 763 476 tot
804 443 946 477 tamen
984 435 1170 492 taliaque
1203 444 1347 480 textus
1380 439 1446 480 uel
1481 442 1721 483 exornandi

201 504 269 545 uel
328 506 573 563 expoliendi
632 507 763 549 studii
818 509 1075 550 ‹lm-umenta
1124 509 1449 568 glossarumque
1498 514 1721 571 relliquiae

199 585 386 630 restant,
438 587 482 619 ut
536 581 674 635 ipsum
722 582 882 623 codicis
932 582 1058 624 huius
1099 583 1382 641 archetypum
1423 586 1590 628 saeculo
1629 588 1720 630 XII

199 652 483 708 antiquiorem
537 654 613 694 uix
664 654 901 697 habuerim.
991 657 1136 712 Atque
1191 664 1237 698 ut
1283 658 1388 698 haee
1437 674 1537 700 uere
1581 676 1607 702 a
1653 676 1721 702 me

200 740 293 765 esse
332 726 447 766 dicta
478 726 726 782 intellegas,
774 729 850 770 has
882 729 983 770 uide
1029 746 1083 770 cx
1120 732 1268 785 paucis
1306 733 1567 775 carminibus
1608 749 1719 775 sum-

198 805 262 839 tas
303 798 528 841 lectiones:
591 801 633 853 I,
677 804 716 851 1,
748 804 774 843 4
812 806 913 844 abde
950 807 1062 844 moda
1145 806 1190 844 11
1233 813 1272 845 nl
1311 809 1379 846 teos
1458 807 1508 848 19
1546 821 1618 848 nec
1655 815 1720 848 la-

197 885 282 912 men
359 874 406 913 51
443 878 650 924 lauisserae
724 875 783 916 ⁴3?
807 880 905 918 milei
933 880 1067 917 [abida
1143 878 1197 918 69
1224 882 1435 929 putredine
1511 880 1563 920 7-1-
1593 886 1720 929 consi—

196 950 349 986 ce'culw·
427 947 479 988 75
515 951 665 988 stimuli
699 957 861 989 mentem
937 951 988 990 77
1027 954 1166 991 credat
1243 952 1282 1003 Ι,
1321 954 1366 1003 2,
1397 953 1424 993 5
1462 959 1622 1002 quaeris
1695 955 1720 992 (ἰ

198 1024 333 1070 quisue
406 1020 430 1061 8
463 1024 637 1062 aduersa
720 1023 770 1062 14
799 1028 985 1067 censilem·
1056 1024 1109 1064 38
1140 1027 1361 1065 admissores
1432 1026 1487 1066 5-1-
1518 1031 1601 1078 ipse
1666 1028 1718 1068 57

196 1097 414 1143 liquescunt
506 1095 579 1135 101
613 1098 682 1136 sul)
719 1111 764 1137 co
800 1105 857 1137 es!
893 1101 949 1137 sic
983 1101 1032 1137 sil
1111 1098 1187 1137 102
1217 1105 1310 1138 canl
1413 1099 1483 1139 121
1521 1114 1595 1139 mm
1627 1104 1722 1142 milti

201 1168 250 1208 13
284 1173 452 1219 propior
498 1173 604 1209 uitae
680 1170 758 1210 132}
797 1175 863 1211 ille
900 1185 971 1220 csse
1005 1185 1089 1211 sum
1127 1174 1215 1211 (Ιὶςυὶ
1291 1172 1368 1211 134
1408 1175 1534 1213 medlo
1570 1177 1720 1225 scripta

196 1244 381 1281 canenda
408 1244 502 1290 soro
577 1242 610 1293 I,
641 1244 679 1294 3,
716 1245 765 1284 13
797 1247 845 1284 de
875 1253 1007 1285 nostro
1037 1258 1204 1295 corpore
1232 1259 1383 1295 poenae:
1467 1246 1521 1286 25
1551 1255 1638 1288 urle
1666 1256 1722 1288 est

196 1314 248 1355 37
281 1328 393 1355 renea
423 1322 480 1355 est
553 1316 609 1356 42
639 1330 713 1356 non
774 1318 829 1358 49
859 1322 1045 1358 ι’,ι-ΙΓιύηζς
1103 1318 1158 1359 59
1187 1322 1352 1368 saymas
1412 1318 1464 1359 93
1492 1328 1614 1369 (fram
1645 1334 1718 1361 ‘elo-

195 1392 327 1428 luntas
404 1388 458 1429 94
484 1393 753 1440 consuluitque
828 1390 866 1442 Ι,
899 1391 944 1441 4,
976 1390 1031 1431 20
1061 1395 1199 1431 adesse
1257 1393 1311 1432 31)
1341 1397 1446 1433 lime!
1503 1393 1556 1434 37
1589 1397 1735 1434 anaim·

196 1470 284 1503 lone
346 1462 377 1513 l,
408 1462 446 1513 5,
475 1461 529 1502 22
559 1472 703 1503 montes
761 1465 814 1505 233
847 1468 944 1514 quid
974 1490 1021 1493 —-
1059 1478 1158 1514 affro
1230 1465 1281 1505 ΞΠ
1313 1470 1435 1505 culta!
1509 1466 1563 1507 58
1594 1471 1721 1508 modis

199 1536 249 1577 77
282 1539 503 1576 nziserabile
580 1537 613 1587 I,
647 1537 684 1589 7,
715 1537 754 1577 11
782 1542 930 1589 premi(
992 1538 1040 1577 12
1065 1546 1223 1588 Jmfflml
1283 1540 1333 1579 13
1363 1553 1432 1579 nos
1462 1542 1575 1580 habel
1607 1542 1718 1581 haec.

311 1609 493 1650 Codex
542 1620 776 1651 GUDIAM'S
817 1611 938 1663 (228)
979 1611 1054 1665 (L)
1095 1626 1219 1666 quem
1265 1612 1581 1652 Bethmanni
1638 1614 1721 1654 uiri

195 1683 497 1723 humanissimi
549 1682 758 1725 beneficio
811 1685 876 1724 in?
905 1683 1102 1724 manibus
1153 1684 1309 1736 habui,
1371 1685 1720 1728 membranaceus

196 1756 311 1797 foliis
345 1757 399 1797 Ll
435 1757 586 1812 primis
618 1757 750 1797 libros
785 1773 837 1797 ex
872 1757 1007 1798 Ponto
1039 1758 1231 1811 integros
1263 1772 1373 1798 saec.
1401 1758 1530 1810 XIII,
1563 1759 1720 1814 uiginti

195 1830 335 1871 tribus
367 1829 482 1870 foliis
515 1829 645 1870 Statii
676 1830 924 1883 Thebaida,
957 1838 1121 1886 septem
1154 1837 1195 1871 et
1227 1830 1375 1871 decem
1406 1830 1569 1872 ultimis
1592 1831 1718 1873 Clau-

197 1904 314 1944 diani
354 1903 407 1943 de
445 1909 571 1958 raptu
603 1903 885 1960 Proserpinae
926 1918 1094 1944 carmen
1136 1907 1265 1958 (saec.
1301 1904 1430 1959 XIV)
1472 1904 1717 1961 complecti-

196 1986 277 2019 tur.
348 1977 515 2017 Primae
552 1978 687 2032 partis
727 1978 910 2033 paginae
947 1977 1176 2033 pleraeque
1217 1978 1475 2018 tricenorum
1517 1978 1716 2019 binorum

196 2050 263 2092 uel
309 2058 525 2092 ternorum
573 2059 671 2091 sunt
716 2067 938 2103 uersuum,
990 2052 1205 2106 margines
1252 2050 1326 2092 lati
1372 2050 1549 2093 scholiis
1595 2058 1718 2094 textu

195 2124 329 2165 multo
368 2124 679 2165 recentioribus
712 2124 885 2180 repleti,
926 2124 1100 2165 scholiis
1132 2124 1480 2166 interlinearilms
1513 2131 1554 2166 et
1585 2126 1718 2167 uariis

196 2198 455 2240 lectionibus
494 2204 638 2239 textus
676 2197 848 2239 abunde
885 2213 1102 2254 aspersus.
1164 2197 1298 2238 Tituli
1340 2212 1478 2253 neque
1510 2197 1717 2239 librorum

196 2279 345 2313 extant
376 2286 513 2327 neque
546 2271 847 2326 epistularum,
885 2286 993 2328 quae
1023 2270 1203 2312 lineolae
1235 2272 1373 2327 spatio
1406 2271 1569 2313 distant
1600 2278 1715 2313 sunt-

196 2361 278 2403 que
323 2344 449 2386 litera
494 2345 631 2400 prima
676 2344 745 2385 uel
790 2344 920 2386 rubro
965 2344 1033 2385 uel
1081 2344 1273 2385 caeruleo
1318 2344 1457 2386 colore
1499 2345 1615 2401 picta
1652 2346 1715 2386 in-

195 2420 393 2473 signitae.
457 2417 650 2460 Contulit
691 2418 848 2459 librum
884 2419 936 2459 N.
969 2417 1178 2459 Heinsius
1217 2433 1241 2458 a
1281 2418 1502 2459 Bernardo
1538 2418 1715 2459 Rotten—

196 2492 377 2548 dorpliio
416 2491 605 2543 medico,
647 2492 767 2532 cuius
805 2507 961 2533 nomen
990 2491 1045 2531 ab
1076 2491 1210 2546 ipsius¹
1242 2499 1287 2532 ut
1321 2499 1422 2548 puto
1454 2506 1582 2532 manu
1613 2493 1715 2533 scri-

196 2573 316 2622 ptum
362 2567 406 2606 in
451 2565 609 2622 pagina
650 2566 790 2621 prima
836 2571 974 2616 extat,
1021 2564 1266 2620 acceptum,
1314 2572 1355 2606 et
1394 2580 1418 2605 a
1456 2565 1716 2620 possessoris

195 2640 367 2681 nomine
398 2637 845 2694 Rottendorplnanum
884 2637 1045 2679 dictum
1077 2637 1306 2693 aliquoties
1338 2637 1499 2679 laudat.
1562 2640 1715 2679 Ortho-

196 2712 375 2768 graphia
407 2727 534 2768 quam
566 2711 715 2754 dicunt
747 2711 884 2753 codici
907 2711 941 2751 F
970 2709 1191 2751 simillima
1222 2718 1307 2764 est,
1339 2710 1474 2765 siglae
1505 2710 1716 2767 plurimae

196 2802 274 2826 nee
306 2801 474 2841 semper
506 2785 738 2842 simplices.
791 2784 963 2827 Codicis
995 2786 1230 2825 auctoritas
1263 2785 1323 2825 eis
1356 2784 1408 2825 de
1440 2784 1596 2839 quibus
1629 2785 1715 2839 egi-

195 2875 290 2900 mus
328 2860 463 2899 maior
500 2859 686 2901 uidetur.
747 2858 843 2900 Etsi
884 2858 995 2898 enim
1037 2858 1141 2899 satis
1180 2856 1335 2899 multas
1376 2864 1416 2898 et
1453 2856 1714 2913 eorruptelas
