1844 3223
684 154 765 206 111,
799 162 834 198 ες,
867 159 1043 195 37-55
1565 156 1618 192 si»

221 266 325 322 qnid
357 274 497 307 mnu-n
530 267 606 308 hoc
639 265 831 323 prodest,
866 267 987 308 uetiti
1019 267 1053 306 si
1087 266 1180 321 leg(-
1211 281 1359 306 ‚ss-nera

276 339 427 379 credor
454 339 653 381 adulterii
686 340 961 396 conposuisse
992 344 1144 380 notas?

219 420 262 453 at
295 420 338 453 tn
363 438 413 441 4-
437 414 497 454 sie
529 412 686 454 habeas
719 413 922 454 ferientes
955 419 1105 454 cuncta
1137 413 1340 467 sagittas,

138 492 190 523 ΓΛ)
277 486 337 526 sic
370 501 600 542 numquam
632 486 780 542 rapido
813 485 1030 542 lampades
1063 487 1163 540 igne
1195 493 1366 526 uacent:

220 558 280 598 sic
312 566 432 610 regat
463 560 675 615 inperium
708 566 927 614 terrasque
959 566 1150 599 coereeat
1182 574 1328 599 «nunes

277 632 456 685 Cacsar,
489 631 543 672 al»
574 633 721 673 Aenea
754 639 816 673 cst
849 633 921 687 qni
952 631 1033 672 tibi
1063 632 1195 672 fratrc
1226 639 1323 673 tuus
1360 658 1405 662 ——

222 703 363 757 eslicc,
397 705 451 746 sit
484 705 606 745 nobis
638 721 722 746 non
753 704 1025 761 inplacabilis
1057 705 1141 757 ira,

277 792 427 833 ineque
458 777 549 818 loco
581 778 711 834 plecti
741 778 1029 819 ccinnluidintre
1060 777 1195 819 uelit?

137 855 187 890 65
221 850 323 892 hace
355 866 433 905 ego
464 852 581 892 nisus
614 866 729 892 eram
762 867 892 907 puero
922 851 1086 892 dixisse
1116 851 1301 904 uolucri,

276 924 350 964 lios
383 925 499 964 nisus
532 924 654 965 nobis·
686 924 758 965 ille
790 924 962 965 dedlsse
993 939 1140 966 sonos:

219 1000 311 1051 ‘per
342 1012 433 1037 inca
465 996 570 1050 tela,
602 997 741 1051 faces,
773 1004 815 1039 et
846 1013 921 1054 per
952 1013 1045 1038 mea
1076 997 1181 1050 tela,
1213 999 1417 1051 sagittas,

276 1084 350 1125 per
381 1078 560 1111 matrem
592 1071 683 1111 iuro
715 1072 1057 1126 Cacsarenmspie
1088 1078 1236 1127 capnt,

219 1142 279 1183 nil
311 1144 393 1184 nisi
425 1159 673 1184 concessum
705 1159 780 1185 nos
812 1151 853 1184 te
884 1144 1091 1185 didicisse
1121 1145 1349 1197 magistro,

136 1221 188 1256 7⁴»
274 1215 454 1257 Artibus·
487 1224 527 1258 et
558 1216 720 1258 nullum
752 1218 914 1257 crimen
943 1218 1084 1258 inesse
1115 1217 1216 1257 tuis.

216 1295 347 1344 utque
378 1289 477 1342 hoc,
511 1290 573 1330 sie
602 1290 765 1331 utinam
797 1290 1028 1331 defendere
1058 1296 1198 1331 cetera
1230 1290 1398 1345 posses!

274 1363 358 1403 scis
388 1362 506 1403 aliud
537 1362 651 1419 quod
681 1370 723 1404 te
754 1362 926 1404 laeserit
957 1377 1051 1404 esse
1081 1363 1233 1417 magis.

219 1435 426 1491 quicquid
447 1435 491 1476 id
515 1443 593 1489 cst,
616 1461 668 1465 —
690 1450 827 1492 neque
849 1437 962 1477 enim
984 1435 1114 1476 debet
1136 1435 1257 1477 dolor
1278 1437 1370 1492 ipse
1392 1435 1541 1476 referri
1568 1462 1619 1465 ——

279 1524 364 1549 non
395 1515 518 1564 potes
546 1524 568 1549 a
601 1508 726 1565 culpa
758 1509 900 1550 dicere
930 1509 1081 1550 abesse
1111 1515 1198 1550 tua.

138 1586 188 1622 75
221 1587 266 1622 tn
298 1580 397 1622 licet
429 1582 585 1622 erroris
617 1581 697 1622 sub
729 1583 917 1637 imagine
948 1583 1109 1622 crimen
1139 1582 1389 1634 obumbres,

274 1670 358 1695 non
388 1656 561 1709 grauior
591 1656 742 1696 merito
773 1655 958 1696 nindieis
990 1656 1054 1696 ira
1083 1655 1178 1696 fuit.

216 1734 263 1768 ut
295 1734 435 1768 tamen
465 1728 704 1784 aspicerem
734 1728 1062 1784 consolarerque
1092 1728 1324 1782 iacentem,

274 1799 394 1856 lapsa
424 1816 500 1857 per
530 1802 743 1842 inmensas
775 1808 838 1842 est
868 1816 959 1842 mea
991 1803 1122 1857 pinna
1153 1803 1261 1843 uias.

218 1872 322 1914 haec
351 1872 444 1915 loca
474 1880 564 1915 tum
594 1875 779 1930 primum
810 1875 926 1928 uidi,
958 1889 1053 1915 cum
1085 1882 1219 1916 matre
1249 1882 1426 1930 rogante

136 1950 190 1987 80
276 1945 454 1988 Phasias
487 1954 551 1988 est
581 1946 678 1989 telis
710 1948 795 1988 fixa
827 1947 969 2003 puella
1000 1948 1121 1988 meis.

196 2090 238 2119 57
265 2099 296 2129 q.
324 2092 349 2120 t.
374 2089 431 2121 his
458 2089 606 2131 prodest
629 2091 755 2122 uetitis
782 2091 868 2122 mihi
893 2091 921 2122 B
1014 2093 1056 2123 58
1083 2090 1210 2122 credar
1234 2089 1334 2131 Dfi2s
1366 2090 1394 2121 l'
1421 2091 1522 2123 dicor
1546 2092 1574 2123 E
1602 2088 1617 2132 Ιὶ

109 2143 222 2175 comp.
250 2133 392 2166 nef-mv
462 2137 505 2167 60
530 2135 720 2177 lampadas
739 2138 770 2168 V
840 2138 879 2167 61
907 2137 1061 2177 imperio
1079 2137 1165 2167 coni.
1184 2135 1232 2166 H.
1258 2137 1310 2168 cll.
1329 2141 1418 2169 mett.
1438 2136 1490 2177 ll,
1511 2139 1577 2167 370

998 2198 1027 2214 Π(
1055 2198 1083 2215 Ο

107 2224 149 2254 62
177 2223 223 2254 ab
244 2233 336 2255 enea
363 2226 418 2255 est
442 2222 662 2265 fissCDI-:FN
687 2228 743 2256 est
760 2236 821 2256 mn.
841 2225 935 2256 GLP
967 2223 982 2266 Η
1014 2190 1107 2256 illm?
1114 2223 1135 2266 β
1159 2227 1242 2257 tuus
1269 2225 1482 2265 BCPOV¹w
1507 2237 1622 2268 nepos

108 2268 204 2299 DEl
209 2268 305 2299 GLV
329 2279 383 2308 pr.
409 2280 439 2299 ιι.
467 2271 487 2301 Ι,
557 2271 600 2300 64
625 2269 716 2301 uelit
740 2270 852 2311 plecti
870 2281 910 2301 c.
920 2269 1000 2302 loeo
1018 2271 1049 2302 D
1068 2269 1185 2311 plecti
1209 2271 1242 2301 l'
1266 2271 1383 2312 pioici
1403 2271 1430 2303 V
1455 2273 1542 2313 poni
1566 2282 1585 2303 τ

109 2322 237 2354 meque
263 2313 300 2343 in
325 2312 404 2345 loeo
429 2313 457 2344 F
541 2315 583 2346 65
608 2314 677 2346 hoc
702 2326 721 2346 τ
806 2316 848 2346 66
874 2315 972 2346 uisos
997 2316 1025 2346 B
1112 2315 1154 2346 67
1185 2316 1345 2356 sagittae
1371 2315 1398 2347 Ο
1484 2317 1527 2347 68
1558 2327 1623 2357 per

107 2367 278 2389 uenerem
304 2368 323 2388 τ
392 2359 434 2389 69
460 2358 510 2389 nil
535 2359 620 2390 mihi
646 2359 673 2390 Β
705 2357 720 2401 ΙΙ
753 2359 1175 2391 consensum—dedisse
1202 2359 1237 2392 εἳ
1266 2360 1446 2392 dedicisse
1478 2361 1507 2392 1·
1580 2362 1619 2392 71

109 2406 235 2434 ceter-2
260 2401 456 2434 defendere
483 2403 510 2434 L
542 2401 558 2445 ΙΙ
589 2402 619 2434 l’
646 2414 788 2445 possem
816 2406 842 2435 E
870 2405 1002 2446 possim
1029 2404 1057 2436 l’
1085 2415 1211 2446 posses
1235 2406 1267 2437 V
1292 2406 1426 2446 possim
1451 2410 1481 2446 ψ
1513 2403 1528 2446 Η
1560 2406 1621 2437 de-

109 2447 210 2478 fendi
229 2457 258 2480 c.
276 2450 425 2488 possent
441 2450 525 2479 eoni-
547 2449 592 2479 H.
655 2451 697 2480 72
723 2449 861 2490 aliquid
879 2449 1037 2491 EGVpr.
1056 2461 1085 2480 ιι.
1104 2450 1160 2489 lap
1183 2448 1197 2491 ΙΙ
1220 2450 1382 2482 laeserat
1401 2450 1431 2482 G
1494 2452 1536 2482 73
1554 2461 1621 2481 nec

110 2491 203 2532 0sz
227 2490 242 2533 ll
264 2492 341 2533 ipse
368 2490 456 2532 βΟψ
475 2492 544 2524 iste
568 2493 600 2524 V
617 2493 679 2525 ille
697 2460 804 2526 ceterqi
824 2491 840 2537 'l
861 2494 972 2526 fateri
989 2495 1015 2525 B
1035 2494 1160 2526 uocari
1178 2506 1197 2527 τ
1268 2497 1310 2526 74
1335 2505 1402 2526 nee
1425 2497 1529 2536 potes
1555 2494 1576 2535 β
1605 2503 1607 2532 <1
1659 2504 1670 2513 *

109 2558 202 2590 liber
226 2558 356 2590 abesse
381 2563 411 2595 ψ
439 2558 533 2590 liber
557 2558 684 2591 adesse
702 2571 721 2591 τ
745 2561 863 2592 libera
889 2571 969 2593 esse
995 2573 1014 2593 τ
1039 2562 1159 2593 ablsse
1186 2562 1214 2592 F
1285 2563 1326 2593 75
1351 2561 1511 2593 horroris
1536 2562 1564 2593 B

110 2605 152 2635 76
177 2603 308 2635 iudicis
333 2602 439 2644 βενψ
463 2604 637 2654 principis
662 2615 681 2636 τ
711 2602 726 2646 ΙΙ
758 2616 799 2636 τί
823 2606 879 2637 ira
896 2607 924 2637 F
998 2607 1039 2638 78
1065 2606 1242 2647 lapsaque
1269 2616 1285 2638 ε
1313 2605 1328 2648 ll
1354 2606 1443 2637 mihi
1468 2617 1514 2638 ex
1538 2607 1620 2638 dno-

109 2647 168 2679 bus
191 2649 290 2680 codd.
316 2648 362 2679 Il.
395 2646 409 2690 ΙΙ
441 2649 552 2689 pinna
578 2648 628 2680 M.
656 2659 775 2690 penna
800 2660 826 2682 π
912 2652 953 2683 79
978 2654 1065 2682 tune
1090 2650 1348 2692 CDEFGLVw
1380 2648 1395 2692 11
1428 2654 1542 2683 marte
1567 2651 1614 2683 F¹

111 2695 226 2724 matre
251 2691 298 2724 F2
331 2690 346 2733 Η
379 2696 527 2734 petente
554 2704 573 2725 τ
598 2693 743 2725 iubente
770 2706 789 2726 τ

224 2817 274 2853 62
306 2829 417 2865 nepos
449 2819 532 2854 ΗΜ
607 2819 658 2854 73
690 2819 748 2855 illc
780 2820 862 2855 HJ!
948 2819 998 2857 78
1031 2821 1114 2856 mihi
1145 2821 1228 2857 HJJ

360 2945 371 2961 Ι
