1844 3223
632 142 715 196 ΙΙΙ,
749 150 786 189 4,
825 150 899 185 108
923 168 967 173 -
991 147 1025 187 5,
1060 150 1124 184 38.
1577 147 1620 183 ενι

288 265 329 298 ct
360 265 443 298 tam
477 255 661 296 facundo
694 257 875 311 contigit
907 272 977 296 ore
1009 257 1111 296 frui!

231 345 327 370 11:1111
361 344 617 385 quamquam
650 344 776 385 sapor
808 337 869 369 est
901 328 1044 369 adlata
1077 327 1215 368 dulcis
1248 328 1292 367 in
1323 327 1458 379 unda,

285 403 448 457 gratius
481 417 534 442 ex
566 403 659 457 ipso
692 402 809 442 fonte
842 401 1047 441 bibuntur
1077 415 1231 455 aquae:

232 484 272 515 et
304 475 441 528 magis
472 474 659 515 adducto
692 489 861 530 pomum
895 474 1125 528 decerpere
1159 488 1274 513 ramo

146 553 198 589 :20
286 562 410 603 quam
445 547 497 587 de
530 546 691 588 caelata
725 561 890 587 sumere
922 545 1046 594 lance
1072 547 1204 586 iuuat.

228 628 271 660 at
303 621 386 660 nisi
418 634 686 675 peccassem,
720 619 801 659 nisi
834 634 900 659 lue
931 633 1023 658 mea
1056 618 1179 658 Musa
1212 618 1425 671 fugasset,

287 692 400 748 quod
432 691 537 747 legi,
571 701 641 733 tua
675 707 760 733 uox
793 691 1062 732 exhibuisset
1094 706 1212 746 opus.

228 773 358 822 utque
389 765 451 805 fui
483 765 655 818 solitus,
688 764 898 806 sedissem
930 765 1110 805 forsitan
1141 778 1248 804 unus

286 838 339 878 dc
370 844 541 878 centum
573 838 706 879 iudex
737 839 780 878 in
811 845 883 878 tua
913 837 1046 878 uerba
1077 838 1203 889 uiris,

145 916 196 951 25
229 911 362 952 maior
395 918 436 951 ct
467 910 673 966 inplesset
705 909 957 966 praecordia
988 917 1133 951 nostra
1164 908 1382 965 uoluptas,

285 998 381 1024 cum
413 983 604 1024 traherer
636 983 764 1025 dietis
796 983 1114 1038 adnueremque
1144 983 1244 1024 tuis.

228 1071 354 1111 quem
386 1057 584 1112 quoniam
618 1056 753 1098 fatum
784 1057 923 1112 patria
954 1055 1163 1111 uobisque
1193 1054 1355 1095 relictis

283 1130 394 1170 inter
425 1129 678 1170 inhumanos
709 1128 862 1169 maluit
895 1144 987 1169 esse
1019 1127 1174 1180 Getas,

227 1201 342 1257 quod
372 1201 494 1255 licet,
526 1209 572 1243 ut
602 1201 752 1242 uidear
783 1208 924 1242 tecum
955 1201 1092 1255 magis
1124 1215 1216 1241 esse
1247 1199 1449 1255 legendo,

143 1279 196 1316 30
282 1288 432 1330 saepe,
465 1288 637 1330 precor,
670 1273 804 1315 studii
835 1274 1017 1329 pignora
1047 1274 1170 1314 mitte
1201 1274 1286 1326 tui,

227 1346 512 1403 exemploque
542 1361 658 1400 meo,
690 1348 773 1388 nisi
806 1346 1056 1402 dedignaris
1088 1346 1134 1386 id
1164 1347 1327 1402 ipsum,

281 1427 424 1474 utere,
457 1419 571 1475 quod
602 1419 724 1461 nobis
756 1421 914 1460 rectius
946 1421 1040 1476 ipse
1071 1419 1210 1459 dares.

227 1507 409 1548 namque
441 1507 541 1548 ego,
575 1493 647 1548 qui
678 1493 787 1548 perii
818 1494 903 1533 iam
934 1493 1121 1548 pridem,
1154 1491 1370 1545 Maxime,
1403 1493 1550 1545 uobis,
1596 1535 1615 1540 ,-

281 1565 456 1621 ingenio
487 1567 601 1607 nitor
631 1580 716 1607 non
748 1566 928 1622 periisse
959 1580 1065 1606 meo.

226 1638 358 1680 redde
389 1639 550 1692 uicem,
583 1653 661 1679 nec
691 1653 786 1679 rara
819 1640 881 1679 tui
913 1641 1174 1680 monimenta
1207 1638 1367 1679 laboris

143 1645 166 1680 cc

171 1644 194 1679 vx

279 1711 496 1766 accipiant
525 1719 721 1764 nostrae,
753 1718 877 1767 grata
906 1712 1072 1764 futura,
1105 1726 1269 1752 manus.

225 1785 295 1826 dic
324 1790 489 1837 tamen,
522 1799 544 1825 o
576 1785 745 1826 iuuenis
777 1783 1016 1826 studiorum
1046 1783 1172 1840 plene
1202 1798 1417 1837 meorum,

281 1857 436 1913 ecquid
467 1857 521 1898 ab
552 1857 618 1898 his
650 1858 758 1913 ipsis
789 1857 1046 1898 admoneare
1076 1859 1174 1898 mei.

204 2029 244 2060 16
262 2027 362 2069 loqui
376 2038 395 2059 τ
445 2029 483 2059 17
504 2027 619 2060 allata
637 2027 690 2070 (313
710 2029 827 2060 allata
845 2025 914 2070 [pr.
930 2027 940 2059 l
954 2030 987 2060 in
1001 2026 1086 2070 rasa]
1102 2029 1130 2060 F
1149 2006 1275 2060 abiata
1289 2027 1380 2060 CLP
1395 2029 1521 2061 oblata
1539 2032 1626 2062 coni.

113 2073 159 2105 Il.
180 2070 195 2115 Η
225 2073 335 2104 fontis
362 2072 397 2105 «ει
426 2072 542 2104 dulcis
568 2072 604 2105 εἳ
690 2074 730 2106 18
756 2073 896 2105 dulcius
921 2073 953 2104 D
1036 2075 1076 2105 19
1103 2073 1261 2105 abducto
1285 2073 1312 2104 B
1341 2073 1486 2106 admoto
1511 2074 1540 2105 l'
1567 2074 1626 2105 ad-

112 2118 220 2150 ducto
246 2119 276 2149 V
307 2115 323 2159 ΙΙ
355 2117 560 2159 discerpere
584 2118 616 2149 D
643 2118 822 2150 deducere
848 2123 878 2159 ψ
940 2119 981 2150 21
1008 2129 1089 2150 mea
1114 2129 1174 2150 om.
1202 2118 1251 2149 1³¹
1279 2120 1447 2159 suppleuit
1473 2117 1520 2150 1³2
1583 2120 1625 2150 22

112 2163 273 2205 legerem
298 2162 394 2203 BDw
420 2162 494 2205 legi
525 2162 554 2193 l'
578 2162 739 2204 legerem
766 2163 794 2194 E
820 2163 974 2205 legimus
1004 2168 1034 2204 ψ
1067 2161 1082 2205 ΙΙ
1115 2163 1316 2195 exibuisset
1346 2164 1374 2195 B
1445 2165 1487 2195 23
1519 2163 1626 2195 forsi-

110 2257 176 2284 tan
201 2252 294 2284 imus
318 2263 337 2284 τ
407 2253 449 2283 25
474 2216 640 2294 ἰῐῃρίἔῐεῖἰ
668 2250 701 2294 [r
725 2254 758 2284 in
783 2249 868 2295 ras]
898 2252 925 2282 F
957 2250 973 2294 [1
1003 2252 1173 2284 uoluntas
1208 2252 1237 2285 G
1308 2253 1350 2284 26
1377 2253 1624 2285 contraherem

115 2296 147 2329 G
173 2307 252 2328 cum
276 2296 304 2328 l‘
330 2301 404 2328 tum
428 2298 491 2337 V‘zp
517 2297 599 2329 dum
625 2298 789 2329 traherer
813 2299 846 2330 N
871 2297 1052 2329 traherem
1082 2309 1101 2329 τ
1133 2295 1147 2339 Η
1179 2307 1447 2339 annueremque
1471 2298 1500 2329 B
1582 2300 1624 2330 27

115 2343 253 2374 factum
278 2341 306 2372 B
332 2342 453 2383 patria
484 2343 599 2374 fatum
631 2353 651 2374 τ
681 2341 696 2384 Η
729 2344 850 2384 patria
874 2342 1052 2383 uobisque
1084 2341 1258 2384 ssCDEsF
1266 2342 1394 2375 GLNP
1424 2343 1531 2375 uobis
1562 2353 1626 2384 pa-

113 2387 257 2428 triaque
282 2387 311 2418 B
392 2386 435 2417 '28
459 2387 589 2418 maluit
614 2385 638 2428 [l
663 2389 695 2418 in
720 2386 856 2429 rwezsmu]
882 2387 911 2418 F
987 2388 1029 2419 29
1055 2387 1172 2429 magis
1197 2387 1261 2419 ille
1286 2387 1466 2429 loquendo
1492 2387 1624 2428 DOVw

114 2430 300 2473 loquendo
325 2429 346 2474 β
371 2431 525 2472 legendo
551 2431 578 2462 l'
605 2431 782 2473 loquendo
801 2433 829 2464 Ε
854 2432 1009 2474 legenda
1027 2434 1112 2464 coni.
1130 2433 1178 2463 H.
1250 2434 1292 2464 30
1318 2433 1462 2464 mittere
1488 2433 1625 2474 scripta

112 2521 165 2552 tui
190 2520 219 2552 B
290 2522 331 2552 31
359 2522 429 2552 mci
456 2520 550 2562 CDw
576 2522 645 2554 mei
670 2521 700 2553 l’
726 2533 804 2554 meo
829 2522 859 2553 V
884 2486 1006 2553 {seeo}
1032 2518 1047 2564 ΙΙ
1078 2520 1284 2561 dedigneris
1315 2520 1624 2563 {32VDGFLNP1p

113 2576 158 2608 ad
182 2577 300 2618 ipsum
327 2587 343 2609 ε
368 2587 458 2609 eor-r.
487 2576 532 2608 ad
556 2577 671 2619 ipsum
699 2576 735 2619 [a
758 2580 791 2609 in
816 2576 952 2619 rasura]
979 2578 1006 2608 P
1037 2575 1051 2619 ΙΙ
1083 2577 1119 2608 id
1143 2578 1224 2619 ipra
1250 2577 1277 2608 F
1347 2579 1389 2609 32
1415 2577 1520 2609 dabis
1546 2577 1578 2608 D

111 2623 154 2654 33
177 2621 283 2654 nobis
309 2620 330 2664 β
405 2623 448 2654 34
472 2622 525 2653 Ιιῖο
549 2623 662 2662 deficit
684 2622 728 2655 B.
761 2622 776 2665 ΙΙ
808 2624 878 2655 mei
902 2623 932 2654 L
1026 2625 1069 2654 35
1094 2632 1161 2653 nec
1186 2631 1302 2663 parua
1328 2632 1345 2653 ε
1429 2623 1472 2654 36
1497 2626 1623 2654 nostra

111 2666 141 2698 L
211 2667 255 2699 38
280 2666 410 2708 ecquid
435 2667 464 2698 l'
492 2666 537 2698 ad
562 2667 648 2707 quid
673 2668 703 2699 V
729 2667 848 2710 siquid
872 2668 900 2699 F
933 2666 948 2709 ll
981 2667 1027 2700 ab
1054 2667 1108 2698 his
1135 2667 1281 2708 scriptis
1307 2665 1371 2699 GN
1397 2669 1443 2699 ad
1465 2677 1570 2710 mary.

223 2816 273 2851 27
306 2814 408 2850 uobis
439 2817 622 2864 patriaque
653 2816 734 2852 HM

156 2890 265 2920 KORN,
285 2892 385 2914 QVID.
410 2892 457 2913 Ex
481 2891 611 2913 PONTO.
1337 2895 1346 2919 4
