1844 3223
733 143 810 196 IV,
845 149 879 187 η,
914 148 1061 184 5-50.
1579 146 1655 183 ιιει

256 262 321 309 ut,
355 257 427 312 qui
460 256 563 312 quid
596 255 738 297 ualens
772 257 938 311 ignoret
971 255 1110 296 Marte
1143 255 1325 307 forensi,

173 335 226 370 :50
314 344 438 385 posse
469 336 541 370 tuo
573 330 723 384 peragi
755 330 830 369 uix
863 335 979 385 putet
1014 343 1086 368 ore
1117 343 1224 369 reos.

256 401 420 442 scilieet
453 402 643 442 eiusdem
676 410 760 455 est,
794 403 988 457 quamuis
1022 416 1211 457 pugnare
1243 400 1466 452 uidentur,

309 473 576 530 supplicibus
607 474 801 527 facilem,
834 473 1030 515 sontibus
1064 491 1157 514 esse
1189 480 1364 514 trucem.

254 562 348 588 eum
381 546 460 587 tibi
492 554 689 603 suscepta
722 554 785 588 est
816 546 923 601 legis
957 546 1151 587 uindicta
1182 561 1377 598 seuerae,

309 619 441 660 uerba
474 619 589 661 uelut
621 621 802 661 tinctum
834 618 1001 674 singula
1034 620 1152 659 uirus
1185 618 1357 659 liabent.

171 699 220 734 :35
253 691 449 734 hostibus
483 694 651 733 eueniat
684 708 812 748 quam
844 693 902 733 sis
935 690 1148 733 uiolentus
1180 693 1223 732 in
1254 692 1385 732 armis

309 766 467 806 sentire
499 772 538 806 et
572 765 742 820 linguae
773 765 856 807 tela
888 765 1032 805 subire
1063 771 1173 805 tuae.

253 854 360 894 quae
391 838 471 879 tibi
503 845 589 878 tam
620 840 738 879 tenui
771 853 868 879 eura
902 837 1124 890 limantur,
1157 844 1203 879 ut
1235 852 1379 879 omnes

307 912 432 952 istius
464 911 684 965 ingenium
716 912 906 967 corporis
940 926 1032 951 esse
1062 918 1233 965 negent.

251 991 293 1025 at
325 985 361 1024 si
393 998 518 1039 quem
552 983 663 1024 laedi
695 984 865 1025 fortuna
899 985 1036 1024 cernis
1069 984 1235 1039 iniqua,

168 1062 221 1097 -to
310 1055 476 1098 mollior
507 1063 570 1097 est
600 1058 742 1098 animo
775 1057 933 1097 femina
964 1055 1079 1097 nulla
1113 1063 1198 1097 tuo.

252 1129 331 1171 hoe
363 1145 440 1184 ego
473 1130 701 1185 praecipue
733 1131 868 1183 sensi,
902 1113 997 1170 euin
1029 1144 1182 1183 magna
1216 1144 1404 1169 meorum

307 1203 502 1243 notitiam
535 1217 631 1258 pars
665 1209 727 1243 est
759 1195 941 1243 infitiata
972 1203 1070 1242 mei.

251 1277 458 1316 inmemor
489 1273 679 1327 illorum,
711 1276 847 1316 uestri
877 1289 963 1316 non
994 1277 1201 1315 inmemor
1231 1289 1430 1330 umquam
1446 1309 1455 1327 ‚

306 1349 379 1404 qui
408 1347 518 1388 mala
551 1347 728 1389 solliciti
758 1354 903 1389 nostra
936 1347 1115 1399 leuatis,
1150 1361 1234 1387 ero.

166 1427 217 1463 *15
250 1428 290 1463 et
321 1422 440 1478 prius
472 1421 541 1462 hie
572 1421 750 1462 nimium
781 1421 904 1462 nobis
937 1421 1227 1461 conterminus
1262 1420 1410 1461 Hister

306 1495 349 1535 in
381 1500 509 1550 eaput
541 1493 716 1535 Euxino
749 1494 801 1534 de
832 1508 947 1534 mare
978 1500 1118 1534 uertet
1149 1495 1253 1543 iter,

249 1574 380 1623 utque
410 1566 654 1622 Thyesteae
684 1566 861 1608 redeant
893 1568 928 1607 si
960 1573 1149 1622 tempora
1182 1580 1379 1619 mensae,

307 1639 407 1681 solis
438 1639 493 1680 ad
525 1654 622 1683 eoas
654 1655 801 1681 currus
833 1646 986 1694 agetur
1015 1654 1170 1695 aquas,

250 1727 377 1768 quam
409 1713 633 1768 quisquam
664 1720 874 1765 uestrum,
909 1713 981 1768 qui
1012 1727 1079 1753 me
1102 1711 1301 1753 doluistis
1333 1712 1594 1768 ade1uptu¹117

164 1792 218 1827 50
304 1792 454 1840 arguat
487 1786 704 1840 ingrat-um
734 1801 819 1827 non
850 1786 1097 1826 meminisse
1127 1786 1206 1825 sui.

226 1998 269 2029 29
288 1996 390 2037 atqui
404 1994 431 2027 C
452 1999 487 2027 et
505 1996 686 2037 quiquam
705 1997 736 2028 N
754 1994 768 2038 ΙΙ
785 1999 900 2028 marte
919 1995 971 2038 BF
986 1997 1061 2027 edd.
1078 2001 1157 2029 nell.
1176 1996 1211 2026 in
1230 1999 1307 2028 arte
1327 1995 1607 2028 CDEGLeNI'w

136 2045 180 2076 30
204 2044 284 2074 tuos
308 2041 338 2073 E
361 2038 376 2083 Η
398 2043 500 2082 patet
523 2041 556 2073 D
627 2043 667 2074 31
696 2045 751 2073 est
776 2053 835 2075 om.
864 2040 927 2081 Gw
954 2042 1000 2072 H.
1027 2039 1041 2082 Η
1070 2041 1238 2072 uidentur
1263 2039 1402 2082 {31³er
1427 2041 1525 2081 prob.
1546 2042 1651 2072 Bent-

998 2095 1043 2119 tc‘J

137 2133 191 2165 lei.
222 2131 366 2162 uidetur
390 2131 510 2172 reliqui
538 2131 636 2162 codd.
731 2132 771 2163 32
800 2131 1001 2172 somptibus
1027 2140 1106 2162 esse
1132 2131 1160 2161 F
1193 2130 1350 2162 fortibus
1377 2130 1406 2161 G
1499 2132 1541 2162 33
1567 2140 1648 2162 seu—

138 2179 247 2218 cepta
272 2180 328 2208 est
351 2176 380 2207 F
413 2172 429 2218 11
460 2175 646 2207 uincdieta
671 2177 699 2207 P
770 2177 813 2207 34
837 2176 987 2207 tinetum
1014 2173 1041 2206 l'
1069 2175 1191 2206 tritum
1216 2175 1246 2206 1'
1279 2178 1419 2206 coetum
1451 2176 1478 2206 E
1511 2173 1526 2217 l]
1564 2185 1645 2206 sau-

138 2222 246 2263 guine
272 2221 371 2252 uirus
399 2221 428 2253 G
497 2222 538 2252 37
565 2221 677 2252 omnis
705 2231 720 2252 ε
797 2222 840 2252 38
866 2224 976 2261 neget
1002 2218 1038 2252 ε2
1117 2222 1159 2251 39
1185 2223 1247 2250 aut
1272 2221 1302 2251 si
1327 2219 1471 2260 quidem
1497 2220 1524 2250 C
1553 2224 1590 2251 at
1615 2220 1645 2250 si

138 2265 282 2307 quidem
309 2265 342 2297 D
410 2267 454 2298 40
479 2265 509 2296 l'
536 2265 710 2297 auxilium
733 2265 854 2297 subito
879 2268 917 2302 tu
943 2265 1010 2296 tibi
1037 2265 1130 2296 ferre
1157 2265 1250 2296 soles
1277 2265 1304 2295 E
1374 2266 1415 2295 41
1443 2265 1535 2296 haee
1561 2275 1647 2305 quo—

139 2321 207 2352 que
226 2310 258 2341 D
284 2310 377 2342 haee.
403 2320 470 2351 ego
488 2309 550 2348 Gw
574 2308 588 2352 ΙΙ
611 2314 685 2341 tam
712 2321 845 2350 magna
871 2322 890 2342 τ
959 2311 1002 2341 42
1027 2310 1115 2340 mihi
1134 2310 1164 2340 G
1226 2311 1268 2341 43
1295 2310 1413 2340 nostri
1431 2309 1462 2340 D
1489 2313 1650 2341 uestrum

140 2357 186 2387 H.
249 2356 292 2386 44
316 2354 466 2386 solliciti
491 2354 544 2396 BL
572 2356 672 2387 I’olit.
698 2360 728 2392 ψ
748 2356 795 2388 H.
821 2355 979 2387 sollicite
1007 2353 1254 2386 CDEFGNPs
1280 2353 1565 2395 sollicita—ope
1592 2366 1609 2385 τ
1631 2353 1648 2391 Η

136 2400 272 2432 leuatis
299 2398 580 2441 6CDEFGLNP
605 2400 760 2431 leuastis
785 2401 834 2431 Pz
862 2400 896 2431 H
927 2397 942 2441 Η
973 2410 1035 2431 oro
1063 2409 1078 2431 ε
1172 2401 1214 2431 45
1239 2399 1297 2430 hie
1323 2398 1475 2440 ssDEFP
1503 2400 1550 2430 M.
1579 2399 1649 2430 heu

138 2446 190 2477 [ιτ
216 2445 262 2476 ll.
288 2444 374 2475 hine
399 2443 525 2484 CGNw
558 2442 574 2488 Η
603 2445 752 2476 nimium
778 2445 883 2476 uobis
909 2443 930 2486 β
955 2445 1103 2476 nimium
1129 2444 1234 2476 uubis
1259 2443 1518 2475 CDEFGLNI’
1545 2444 1650 2475 nobis

139 2490 287 2522 nimium
312 2490 390 2521 edd.
416 2493 494 2521 neit.
527 2486 541 2530 ΙΙ
574 2490 817 2521 eonternimus
842 2490 870 2520 P
963 2491 1005 2520 46
1036 2489 1160 2520 euxini
1191 2489 1253 2520 CN
1283 2486 1298 2530 Η
1330 2489 1442 2519 uertit
1472 2488 1533 2519 Cl)
1568 2499 1648 2520 uer-

138 2571 193 2599 tat
218 2578 237 2599 τ
298 2568 340 2598 47
367 2569 476 2607 atque
502 2565 591 2608 fiGN
615 2551 726 2609 {itque
753 2568 780 2599 P
807 2570 892 2599 ante
917 2573 947 2608 <tp
970 2565 985 2609 11
1008 2544 1048 2608 εἴ,
1070 2572 1236 2608 tempora
1262 2567 1289 2597 F
1360 2567 1402 2597 48
1429 2576 1554 2597 cursus
1575 2565 1602 2596 C

137 2614 180 2645 49
207 2611 376 2653 adempto
401 2611 429 2642 F
455 2612 501 2644 H.

252 2762 300 2799 31
336 2761 476 2797 uidetur
507 2761 590 2796 ΠΜ
628 2736 634 2739 ἡ
674 2760 726 2796 44
757 2760 902 2797 leuas-tis
934 2761 1018 2796 IJJI
1091 2760 1142 2795 45
1174 2760 1243 2795 heu
1275 2760 1315 2794 II
1373 2759 1473 2795 nohis
1505 2760 1646 2794 nimium

138 2819 223 2855 HM
295 2817 347 2854 49
379 2816 518 2852 ademto
550 2818 591 2853 H
