1844 3223
235 182 352 212 XVIII
871 181 1147 214 PRAEFATIO.

235 289 342 328 ocia.
377 288 573 330 nole'ciam,
603 288 781 334 pociaris
812 291 853 324 et
885 289 1044 333 lemnia,
1075 287 1216 331 sautia,
1247 286 1400 323 solatia.
1442 286 1644 337 isempor
1664 280 1754 321 fere

237 355 329 397 loco
365 371 391 407 y
432 355 603 397 litterae
643 355 822 411 legitur,
868 357 952 397 nisi
993 356 1106 412 quod
1145 354 1276 395 semel
1314 358 1511 406 achylle
1547 354 1754 410 scriptum

242 436 318 469 ost.
380 428 512 469 Haud
553 444 649 470 raro
688 433 703 469 i
739 436 778 470 et
812 444 841 480 (s
879 436 1068 470 mutatae
1105 436 1203 469 sunt
1243 427 1305 481 (I,
1338 429 1383 480 2,
1420 428 1499 469 100
1528 441 1686 479 massus,
1718 426 1754 479 Ι,

235 502 287 554 6,
319 503 373 542 42
411 503 588 552 ιἠθιέία)
638 502 752 557 quod
801 502 915 543 idem
960 503 1001 543 in
1042 501 1188 543 codice
1225 501 1443 556 Lipsiensi
1488 514 1598 541 saec.
1639 498 1756 540 XIII

235 574 636 616 animaduertiums.
697 575 824 616 Addo
848 591 944 616 culn
968 574 1290 629 Hamburgonsi
1321 574 1566 629 conspirare
1588 573 1755 626 Argen-

234 654 494 689 toratensem
527 649 569 688 in
601 648 667 687 his
699 648 788 689 fere
820 648 992 689 formis:
1033 653 1251 699 incolomis,
1284 650 1488 688 jocundus.

348 721 552 762 Codicom
585 736 639 761 cx
672 720 781 762 libro
813 723 1120 778 transcriptum
1144 735 1234 761 csse
1257 721 1379 761 euius
1402 719 1612 775 scriptura
1646 725 1757 759 osset

236 793 419 834 uncialis
452 808 586 850 eaque
619 796 818 835 continua
852 802 940 835 tum
973 793 1168 851 plurimis
1200 793 1346 834 uerbis
1379 807 1488 848 quae
1518 806 1603 832 non
1636 796 1757 831 orant

236 867 536 921 coniungenda
575 867 894 909 demonstratur
932 868 1196 920 coniunctis,
1235 874 1326 907 tum
1364 865 1604 906 litterarum
1644 878 1756 904 com-

236 939 547 980 mutationibus
581 955 690 995 quae
722 940 822 980 indo.
854 947 1126 996 repetuntur:
1168 939 1284 980 uelut
1315 939 1340 980 h
1375 945 1415 979 et
1448 954 1496 992 n,
1531 938 1555 979 h
1589 944 1629 979 ot
1661 937 1710 990 b,
1743 937 1757 977 i

236 1019 277 1053 et
309 1011 346 1065 l,
379 1027 397 1052 s
430 1019 471 1053 et
503 1013 540 1066 i,
573 1026 595 1053 e
627 1020 667 1053 et
700 1028 745 1065 O,
780 1027 801 1053 e
833 1020 874 1053 (et
907 1014 919 1053 i
951 1013 1021 1053 hic
1054 1012 1141 1053 illie
1173 1013 1507 1054 confunduntur.

349 1085 494 1126 Verba
518 1087 626 1141 ipsa,
660 1086 714 1126 ad
747 1101 855 1142 quao
894 1087 1140 1139 transimus,
1173 1085 1498 1140 Hamburgensi
1529 1083 1639 1125 libro
1670 1090 1757 1124 tam

236 1166 335 1199 sunt
367 1158 545 1212 similia,
585 1167 631 1200 ut
670 1160 753 1200 nisi
787 1159 840 1199 (lc
872 1158 1349 1215 Coustantinopolitano
1388 1158 1488 1199 libri
1526 1164 1621 1198 ortu
1660 1171 1756 1197 con—

236 1238 350 1273 stare
381 1231 622 1284 uideretur,
662 1248 716 1273 ex
755 1231 828 1274 illo
861 1248 955 1274 cum
989 1233 1233 1273 deriuatum
1265 1246 1359 1273 esso
1389 1231 1516 1272 facile
1548 1230 1756 1272 crederes.

238 1306 430 1346 Primum
462 1305 563 1346 uide
596 1321 784 1347 errorum
817 1321 1092 1348 consensum:
1126 1305 1162 1359 Ι,
1193 1306 1233 1358 5,
1256 1306 1281 1346 6
1314 1315 1355 1346 ul
1383 1312 1568 1356 capeant
1596 1308 1688 1345 villo
1719 1303 1758 1344 A

238 1387 278 1419 ul
307 1387 502 1430 capeanl
530 1384 673 1420 aicium
706 1380 741 1419 B
802 1380 837 1432 Ι,
872 1380 909 1431 7,
942 1381 997 1420 44
1026 1384 1224 1420 stallile'am
1246 1405 1299 1410 —
1321 1393 1445 1419 meam
1477 1379 1517 1419 A
1548 1381 1757 1424 stulticiam

241 1478 285 1481 —
311 1456 410 1493 mea’
442 1452 478 1492 B
537 1452 577 1504 Ι,
613 1454 647 1505 1,
686 1454 735 1493 15
762 1455 969 1502 frassifmv
999 1457 1183 1493 senlimas
1214 1457 1370 1494 inutiles
1401 1455 1525 1492 herbe
1557 1451 1597 1492 A
1623 1453 1758 1501 fraqi-

233 1529 368 1575 seram
400 1531 586 1566 senlimas
617 1530 773 1567 e'naliles
803 1529 927 1566 herbe
959 1526 994 1565 B
1054 1525 1114 1578 ΙΙ,
1142 1525 1402 1579 1,16710men
1426 1525 1505 1565 AB
1565 1523 1625 1576 ΙΙ,
1649 1524 1687 1576 2,
1706 1523 1757 1563 77

234 1613 359 1650 penas
389 1602 495 1639 adde
525 1603 664 1649 quietes
694 1599 733 1640 A
771 1612 892 1650 penos
930 1602 1035 1639 adde
1065 1603 1203 1649 qm'elis
1233 1598 1269 1638 B
1344 1598 1412 1650 ΙΙ,
1445 1598 1491 1649 3,
1523 1598 1574 1638 51
1608 1600 1760 1638 resistes

236 1671 316 1712 AB
375 1671 435 1723 ΙΙ,
470 1672 508 1723 7,
531 1672 584 1713 66
615 1686 696 1713 esse
727 1676 822 1712 dari
850 1672 929 1713 AB
990 1672 1050 1723 ΙΙ,
1073 1673 1113 1724 4,
1139 1672 1189 1713 16
1220 1677 1390 1721 reyenle's
1420 1671 1500 1712 AB
1559 1669 1619 1722 ΙΙ,
1643 1671 1682 1722 8,
1705 1670 1751 1711 51

236 1760 331 1786 rare
362 1744 441 1785 AB
502 1744 568 1798 ΙΙ,
601 1745 649 1798 6,
681 1746 735 1787 23
762 1749 954 1794 lbrtzmae
985 1749 1177 1787 accedere
1207 1745 1306 1785 AB:
1369 1743 1526 1784 deinde
1557 1743 1656 1783 uide
1688 1757 1758 1783 uo-

235 1833 379 1859 rorum
412 1832 666 1859 consensum
699 1818 763 1860 his
797 1817 922 1859 locis:
993 1819 1028 1871 Ι,
1051 1820 1098 1871 2,
1131 1819 1156 1857 5
1188 1832 1359 1868 quaeras
1418 1817 1534 1869 4,19
1564 1821 1758 1857 malorum

236 1893 284 1944 4,
315 1892 370 1932 42
401 1905 511 1931 amor
569 1893 616 1944 5,
644 1892 695 1931 10
724 1900 863 1933 coacta
922 1893 969 1944 5,
1002 1892 1053 1932 67
1086 1906 1160 1942 quo
1190 1895 1287 1932 mihi
1343 1892 1390 1943 6,
1427 1891 1475 1931 13
1507 1894 1579 1932 hoc
1609 1903 1760 1941 qaoque

235 1968 429 2014 fortunae
488 1966 526 2017 6,
550 1965 599 2005 21
635 1973 758 2006 talam
817 1965 857 2019 6,
880 1966 934 2007 43
966 1968 1138 2016 quidque
1164 1968 1272 2014 facis
1332 1965 1371 2016 7,
1395 1964 1419 2005 S
1450 1967 1595 2005 hahere
1626 1967 1757 2004 uelint.

237 2039 436 2094 Conpara
475 2053 599 2094 porro
642 2039 866 2094 utriusque
905 2038 1005 2079 libri
1043 2037 1247 2080 lectiones
1289 2038 1348 2077 eis
1390 2036 1492 2078 locis
1534 2036 1689 2092 quibus
1722 2036 1757 2076 B

950 2114 1015 2145 rea
1559 2114 1647 2144 I'non
1673 2113 1759 2143 I'nos

237 2163 451 2198 correctus
475 2164 559 2198 est:
594 2156 629 2209 Ι,
648 2158 750 2210 6,11
774 2171 860 2197 cum
883 2158 923 2198 A
946 2171 1024 2208 qua
1046 2156 1081 2196 Β
1143 2157 1180 2209 Ι,
1203 2157 1242 2209 7,
1257 2156 1282 2197 9
1303 2169 1377 2196 non
1401 2161 1497 2197 satis
1519 2156 1558 2195 A
1581 2159 1648 2196 cal
1665 2159 1759 2195 salis

1104 2226 1122 2246 0
1306 2227 1326 2246 0

237 2259 273 2298 Β
334 2258 369 2311 I,
393 2260 432 2311 8,
460 2260 505 2299 11
539 2263 694 2310 caspios
725 2265 875 2309 aeyz'sos
905 2260 945 2299 A
976 2263 1134 2310 caspias
1165 2262 1341 2309 (semesas
1371 2257 1406 2297 B
1466 2257 1507 2310 Ι,
1532 2257 1577 2310 8,
1600 2257 1654 2297 32
1685 2270 1754 2298 ca—
1780 2261 1785 2266 “

237 2379 307 2421 ra!
337 2372 376 2412 A
407 2339 508 2411 αἶγα
540 2371 575 2411 Β
635 2371 671 2425 Ι,
705 2372 743 2424 8,
776 2372 830 2413 69
861 2380 967 2423 optes
998 2372 1038 2412 A
1070 2338 1180 2423 optqfs
1212 2371 1246 2411 B
1306 2370 1365 2422 II,
1398 2371 1436 2423 2,
1459 2371 1515 2411 50
1544 2384 1565 2411 ο
1595 2373 1690 2411 milei
1718 2370 1758 2410 A

237 2452 256 2473 o
1223 2452 1240 2471 ο
1284 2454 1286 2457 v

237 2490 273 2524 ei
301 2487 398 2524 milet·
426 2484 461 2524 B
522 2483 581 2535 II,
610 2484 672 2535 10,
696 2484 750 2525 40
781 2498 967 2535 equoreas
988 2484 1029 2525 A
1059 2497 1248 2534 equoreas
1279 2483 1328 2523 Β.
1389 2484 1448 2524 At
1479 2483 1543 2524 his
1575 2489 1616 2524 et
1646 2482 1756 2535 aliis,

238 2571 346 2613 quae
377 2572 462 2597 uno
493 2571 547 2597 ex
578 2556 696 2597 fonte
728 2558 767 2597 A
800 2565 839 2598 et
872 2557 907 2597 B
938 2571 1137 2597 manasse
1175 2571 1306 2612 prope
1346 2557 1542 2597 euincere
1580 2555 1755 2596 uidean-

237 2637 326 2683 tur,
359 2630 552 2682 obstant,
587 2645 693 2686 quae
725 2629 935 2671 latissimo
965 2631 1104 2686 spatio
1136 2629 1269 2671 libros
1300 2631 1413 2671 inter
1443 2643 1487 2669 se
1519 2629 1756 2671 disiunctos

238 2717 330 2743 osso
353 2703 637 2759 conprobent3
661 2704 845 2759 primum
867 2718 1017 2744 uorsus
1040 2703 1288 2759 interpolati
1311 2703 1369 2755 II,
1386 2703 1426 2755 2,
1444 2703 1468 2743 8
1491 2709 1533 2743 et
1552 2702 1592 2755 2,
1611 2703 1664 2744 33
1677 2717 1755 2758 sq.,

237 2783 326 2817 tum
350 2775 615 2831 singulorum
639 2776 870 2818 uerborum
891 2777 1119 2818 temeraria
1140 2776 1380 2832 friuolaque
1397 2777 1590 2816 mutatio.
1623 2776 1756 2816 Cuius

238 2850 524 2905 corruptionis
558 2849 661 2890 baec
693 2858 842 2891 notare
874 2850 992 2891 lubet
1025 2850 1242 2906 exempla:
1277 2849 1335 2901 II,
1357 2850 1397 2901 2,
1415 2850 1467 2889 37
1491 2853 1573 2889 ales
1593 2848 1632 2888 A
1655 2862 1756 2889 anas

1838 3054 1844 3061 .
1827 2861 1844 3028 ‘anm—M
1832 2664 1844 2853 ...n-fl—
1839 2602 1844 2642 ,-
