1844 3223
696 171 756 224 11,
789 176 824 215 3,
860 176 1033 211 15—53.
1565 170 1617 211 47

278 290 428 340 sponte
460 298 536 324 sua
567 283 758 339 probitas
791 283 1066 337 officiumque
1097 283 1226 322 iuuat.

136 362 187 399 35
220 356 361 398 iudice
392 364 434 398 te
464 356 660 397 meres-de
691 363 805 396 earet
838 370 913 412 per
944 370 1073 410 seque
1105 352 1289 410 petenda
1321 360 1384 393 est

276 430 466 470 externis
497 430 634 470 uirtus
667 430 914 469 incomitata
944 427 1082 468 bonis.

220 508 344 558 turpe
375 509 499 557 putas
530 502 670 556 abigi,
703 502 803 556 quia
835 501 889 541 sit
921 498 1190 541 miserandus
1200 532 1211 552 7
1243 498 1449 550 amicum,

277 574 479 630 quodque
510 575 565 616 sit
596 573 770 626 infelix,
803 572 999 614 desinere
1030 586 1124 613 esse
1153 579 1287 612 tuum.

218 647 364 688 mitius
397 654 460 688 est
491 647 602 688 lasso
634 647 817 701 digitum
849 659 1088 702 supponere
1119 651 1280 697 mento,

133 724 187 761 40
272 734 465 775 mergere
497 735 624 776 quam
654 718 830 775 liquidis
861 733 934 759 ora
963 718 1151 758 natantis
1181 717 1320 772 aquis.

218 806 365 845 cerne,
398 792 502 848 quid
533 793 746 833 Aeacides
778 798 875 848 post-
905 796 1085 832 mortem
1116 796 1305 846 praestet
1335 790 1491 830 amico:

273 866 410 906 instar
442 872 483 906 et
514 865 624 906 hanc
654 866 789 906 uitam
818 865 967 905 mortis
998 862 1157 904 habere
1188 870 1304 918 puta.

216 937 458 979 Pirithoum
489 937 681 979 Theseus
714 937 888 993 Stygias
921 936 1143 978 comitauit
1172 935 1227 975 ad
1257 934 1417 977 undas:

274 1025 298 1051 a
330 1010 485 1066 Stygia
516 1017 721 1067 quantum
753 1025 843 1051 sors
874 1024 968 1050 mea
999 1009 1130 1049 distat
1161 1010 1303 1064 aqua?

133 1087 186 1123 45
217 1082 357 1124 adfuit
384 1085 539 1125 insano
573 1084 740 1125 iuuenis
772 1083 966 1125 Phoceus
998 1082 1198 1123 Orestae:

275 1163 315 1197 et
346 1170 439 1197 mea
468 1171 553 1197 non
585 1157 809 1197 minimum
841 1154 965 1210 culpa
995 1153 1152 1195 furoris
1183 1154 1327 1194 habet.

217 1234 265 1270 tu
296 1244 464 1285 quoque
493 1244 745 1284 magnorum
774 1227 924 1269 laudes
954 1226 1135 1267 admitte
1167 1227 1379 1279 uirorum,

274 1308 320 1342 ut
351 1301 480 1355 facis,
514 1308 554 1342 et
585 1301 706 1359 lapso
738 1315 866 1358 quam
896 1306 1016 1356 potes
1048 1298 1172 1339 adfer
1202 1313 1340 1354 opem.

218 1375 254 1416 si
284 1374 394 1415 bene
424 1381 467 1416 te
497 1375 621 1428 noui,
653 1375 691 1415 si
723 1375 795 1430 qui
826 1374 946 1429 prius
979 1386 1072 1413 esse
1104 1371 1294 1424 solebas,

135 1452 188 1489 50
273 1462 389 1488 nune
420 1462 588 1504 quoque
619 1462 686 1500 es,
719 1454 847 1503 atque
878 1445 1010 1487 animi
1040 1460 1126 1486 non
1157 1445 1350 1485 cecidere
1381 1444 1444 1484 tui
1453 1477 1464 1498 7

219 1535 301 1576 quo
331 1520 504 1561 fortuna
533 1521 672 1575 magis
704 1520 861 1572 saeuit,
893 1519 1030 1573 magis
1062 1519 1155 1574 ipse
1185 1518 1372 1570 resistis,

273 1599 405 1649 utque
437 1593 581 1646 decet,
613 1608 666 1633 ne
696 1600 738 1634 te
769 1593 922 1633 uicerit
953 1590 1027 1632 illa
1058 1605 1205 1643 caues,

219 1672 260 1707 et
290 1665 399 1706 bene
429 1667 493 1708 uti
524 1680 712 1722 pugnes,
743 1665 852 1706 benc
884 1679 1079 1720 pugnans
1111 1663 1243 1704 efficit
1275 1663 1431 1704 hostis:

106 1821 206 1852 facto
231 1830 264 1853 n.
291 1823 316 1851 t.
344 1819 479 1851 fecisse
505 1822 692 1861 petentem
716 1819 748 1850 N
774 1821 807 1850 te
832 1817 925 1849 nihil
949 1828 991 1849 ex
1017 1821 1097 1849 acto
1124 1817 1152 1848 l’
1180 1827 1198 1848 e
1224 1816 1322 1848 facto
1348 1816 1418 1847 nisi
1443 1827 1513 1848 non
1539 1827 1622 1858 pec-

107 1875 210 1897 casse
224 1867 410 1906 petentem
435 1864 462 1895 l'
490 1864 664 1896 ferentem
689 1869 776 1895 ancl.
795 1865 890 1897 elect.
910 1863 1010 1896 Eion.
1029 1863 1146 1894 Burm.
1176 1862 1402 1902 Verpoorlen.
1453 1872 1495 1893 ex
1522 1862 1621 1893 facto

106 1910 178 1942 nisi
203 1911 234 1942 si
258 1910 397 1941 fecisse
424 1909 602 1941 ferentem
627 1910 710 1941 coni.
738 1908 922 1940 Bentleius.
966 1912 1001 1939 te
1028 1907 1120 1938 nihil
1147 1906 1301 1938 errando
1334 1907 1403 1937 nisi
1428 1916 1493 1938 nos
1519 1917 1620 1948 pecc.

106 1955 295 1988 fatentem.
321 1954 512 1986 Heumann.
541 1952 630 1996 [par.
649 1956 723 1987 crit.
739 1965 773 1995 p.
802 1952 880 1997 117]
953 1955 996 1985 34
1021 1953 1149 1983 iuuant
1172 1956 1202 1992 ψ
1273 1953 1315 1983 35
1334 1951 1480 1983 Tuduce
1501 1955 1536 1982 te
1555 1953 1584 1983 A

1532 1994 1545 2009 1,

105 2019 136 2052 l’
163 2032 226 2064 pro
252 2031 362 2063 seque
378 2021 406 2052 E
430 2018 445 2062 Η
470 2023 526 2053 est
551 2032 611 2053 om.
638 2026 668 2062 ψ
739 2022 780 2053 37
801 2020 898 2061 abigi
918 2018 939 2061 β
965 2025 997 2051 et
1021 2020 1107 2051 coni.
1126 2019 1173 2054 H,
1203 2016 1218 2060 Η
1247 2017 1340 2058 quod
1365 2019 1397 2049 N
1426 2015 1442 2060 H
1474 2010 1580 2051 sid‘F
1603 2018 1607 2062 Ι

108 2068 244 2098 amicos
263 2066 298 2098 C·
361 2068 404 2098 39
421 2065 525 2107 lapso
539 2066 687 2106 LNPezp
705 2063 720 2107 Η
744 2066 878 2107 digitos
900 2076 918 2097 τ
954 2072 955 2077 ’
980 2065 1139 2104 lamento
1164 2064 1192 2094 F
1256 2065 1299 2095 40
1312 2061 1448 2106 Qalicis
1466 2074 1529 2095 ora
1547 2065 1574 2095 Β

107 2120 129 2154 23.
159 2113 261 2153 aquis
286 2112 314 2143 F
384 2113 426 2142 41
453 2111 550 2142 circe
576 2112 659 2152 quid
686 2110 830 2142 eamdes
856 2107 897 2152 p⁹
918 2112 1028 2141 morte
1046 2110 1076 2140 A
1102 2107 1117 2151 Η
1147 2118 1280 2150 quaere
1307 2107 1370 2139 EG
1402 2105 1416 2148 ΙΙ
1449 2109 1621 2140 eachides

106 2159 136 2189 L
166 2154 182 2199 Η
214 2159 296 2198 post
319 2156 447 2187 funera
471 2167 490 2187 τ
525 2153 540 2198 ss
569 2159 735 2197 praestat
760 2155 858 2187 DGL
885 2158 1052 2196 praestas
1078 2154 1104 2184 C
1198 2155 1239 2184 42
1271 2152 1441 2184 habenda
1467 2165 1486 2185 τ
1578 2156 1620 2186 43

107 2201 312 2244 pirythoum
337 2201 368 2232 A
392 2200 604 2242 perythoum
630 2201 657 2231 Β
689 2198 703 2241 ΙΙ
736 2201 869 2242 stigias
895 2200 922 2231 B
954 2200 1086 2241 stigias
1110 2198 1258 2230 theseus
1290 2198 1350 2238 Οψ
1382 2195 1396 2238 ΙΙ
1430 2200 1622 2230 comitarat

108 2258 127 2279 τ
153 2246 350 2278 comitatur
372 2251 402 2287 ψ
429 2244 444 2287 Η
476 2244 522 2277 ad
545 2245 652 2276 undis
677 2245 705 2276 B
732 2245 777 2276 ad
801 2245 948 2276 umbras
974 2245 1036 2285 Fw
1120 2245 1164 2274 44
1190 2243 1235 2274 ah
1261 2242 1383 2283 stygia
1408 2243 1439 2273 A
1463 2254 1484 2274 a
1510 2245 1622 2286 stigia

107 2293 137 2324 B
165 2301 186 2322 a
210 2290 496 2332 stigiis—aquis
522 2289 683 2322 CDEGm
706 2287 720 2332 ΙΙ
744 2300 839 2321 mors
863 2287 1232 2330 ABCDEFGLNPfis
1263 2298 1341 2319 sors
1365 2290 1451 2319 coni.
1483 2289 1530 2319 H.
1578 2291 1622 2321 45

110 2339 148 2368 at
172 2335 438 2376 fuit—phoeus
462 2335 494 2366 A
519 2335 807 2367 affuit—foceus
834 2335 893 2366 BP
925 2332 939 2377 Η
971 2334 1084 2366 oresti
1110 2332 1341 2364 CDEFGLN
1374 2331 1511 2365 horesti
1538 2344 1553 2365 ε

107 2382 151 2413 46
176 2384 214 2412 at
239 2392 257 2412 τ
283 2383 319 2412 et
343 2390 424 2412 mea
450 2377 466 2411 ἦ
491 2381 582 2411 mira
607 2378 688 2412 mesi
709 2380 740 2410 A
823 2381 865 2411 47
897 2379 1043 2411 deorum
1068 2379 1194 2409 ELNco
1285 2379 1328 2410 48
1353 2380 1392 2407 ut
1416 2378 1533 2410 facias
1559 2379 1620 2410 AB

108 2429 218 2467 utque
245 2425 336 2457 facis
363 2423 526 2456 CDEGN
549 2427 589 2455 ut
613 2425 706 2457 facis
734 2427 770 2456 et
795 2423 913 2466 βΟΡψ
938 2427 978 2455 ut
1005 2424 1099 2455 facis
1125 2423 1152 2454 P
1178 2421 1193 2466 Η
1219 2423 1316 2454 lasso
1341 2425 1381 2457 af
1405 2434 1509 2464 quam
1536 2425 1564 2456 B
1590 2423 1619 2454 1⁷

108 2471 206 2502 lasso
232 2471 261 2501 E
286 2470 382 2501 laeso
408 2468 437 2500 Ο
471 2467 486 2512 Η
517 2471 559 2501 49
585 2471 616 2501 si
642 2468 726 2511 quid
746 2468 806 2510 (B)
832 2470 912 2511 pius
929 2470 959 2500 A
985 2470 1016 2500 si
1042 2468 1135 2510 quod
1152 2469 1213 2509 Ρψ
1239 2469 1270 2499 si
1289 2470 1349 2508 qui
1367 2468 1622 2512 fiCDEFGLN

112 2513 173 2558 [ef.
204 2517 294 2547 lectt.
322 2516 352 2546 Α
390 2514 416 2550 Ι,
443 2516 471 2551 9,
499 2516 554 2548 24.
583 2516 640 2546 32.
673 2516 726 2547 cll.
757 2518 831 2548 met.
864 2514 973 2553 VIII,
1000 2511 1080 2555 881]
1177 2516 1220 2545 50
1246 2518 1355 2554 atque
1381 2524 1441 2546 om.
1469 2523 1485 2545 ε
1579 2515 1618 2545 51

109 2560 205 2592 seuit
228 2560 258 2591 A
289 2559 303 2602 [Ι
335 2559 485 2591 resistes
515 2557 599 2600 ΑβΒ
631 2559 754 2591 resists
787 2559 819 2599 (o
845 2560 891 2590 ad
913 2563 926 2589 t
951 2556 1226 2597 adhaerescente)
1260 2559 1288 2588 F
1374 2561 1415 2591 52
1449 2562 1484 2588 te
1516 2568 1559 2589 ne
1593 2559 1620 2589 P

109 2608 219 2636 canet
243 2605 271 2636 P
346 2607 388 2636 53
415 2607 451 2635 et
477 2604 568 2635 bene
594 2606 633 2634 tu
656 2614 795 2646 pugnes
820 2604 881 2644 Βψ
913 2607 949 2635 et
974 2604 1067 2635 bene
1092 2604 1147 2633 uti
1174 2600 1201 2645 [i
1226 2604 1257 2634 in
1281 2601 1368 2644 ras]
1397 2604 1425 2635 F
1452 2603 1543 2634 bene
1569 2603 1621 2634 ita

112 2650 143 2682 G
172 2652 212 2682 ut
235 2650 329 2682 bene
356 2653 393 2680 tu
418 2654 448 2690 ψ
481 2652 518 2681 et
541 2648 634 2681 bene
660 2648 753 2689 quod
776 2653 806 2691 ψ
831 2659 972 2690 pugnas
996 2650 1024 2680 P
1057 2645 1072 2690 [1
1102 2648 1226 2679 hostes
1251 2647 1273 2690 β
1356 2643 1361 2645 ’

222 2775 275 2812 34
305 2776 427 2811 iuuant
458 2775 500 2811 H
583 2774 634 2811 37
657 2774 742 2810 abici
764 2775 808 2811 M
889 2774 943 2810 44
973 2775 1276 2822 stygiis—aquis
1308 2749 1350 2811 H
1433 2774 1486 2812 48
1510 2780 1619 2822 utque

113 2830 196 2866 facis
227 2831 309 2867 HM
393 2830 446 2868 49
478 2832 507 2866 si
538 2830 634 2877 quod
666 2830 750 2866 HM
