1844 3223
705 210 978 247 PRAEFATIO.
1532 209 1609 244 ΧΙΧ

98 317 133 358 Β
205 321 254 358 Η).
286 319 331 358 :31
371 322 473 358 nilm-
504 319 541 358 A
570 321 692 367 furor
724 319 758 358 Β
831 322 879 360 il),
911 320 964 357 ⁴59
995 322 1059 358 ille
1090 319 1128 357 A
1161 321 1242 368 ipsc
1275 316 1308 355 Β
1386 316 1449 367 ΙΙ,
1481 317 1526 367 ι’),
1560 320 1613 352 ⁴3«)

93 393 262 440 [hedera
294 395 454 441 quisque
485 392 521 431 A
554 395 688 431 sidera
718 406 866 442 queque
899 391 933 430 Β
995 390 1053 443 ΙΙ,
1088 392 1124 442 7,
1148 391 1204 430 40
1232 396 1433 429 cammlw·
1465 389 1502 428 A
1534 402 1610 427 mo-

97 471 237 504 nemur
269 464 303 503 Β
365 464 403 503 ΙΙ
421 496 430 514 ,
464 465 502 516 7,
534 465 589 505 45
619 473 782 505 caecam
814 466 851 505 A
883 469 1040 504 calcata
1074 463 1107 503 Β
1170 462 1235 514 ΙΙ,
1269 463 1315 514 3,
1352 462 1401 501 13
1433 464 1610 501 videbam

99 537 137 577 A
169 540 333 577 solebam
366 536 401 576 Β
460 540 507 577 ih.
539 539 586 577 21
625 542 662 577 τή
696 538 733 577 A
767 541 815 577 ab
848 537 882 577 Β
944 537 1001 589 ΙΙ,
1026 541 1064 587 Η,
1088 538 1141 575 439
1172 540 1227 575 sic
1257 537 1552 584 inmtrabmmis
1574 536 1609 574 A

94 613 150 649 sic
179 614 326 659 itamar
356 612 404 648 ab
425 614 547 650 armis
568 610 602 649 Β
664 610 723 661 ΙΙ,
747 610 785 661 9,
809 611 858 649 21
882 623 1081 650 commune
1103 611 1193 648 (loos
1215 609 1253 648 A
1275 621 1475 648 commune
1497 610 1614 647 (leem

96 682 131 722 Β
191 682 250 734 ΙΙ,
275 684 313 734 ἒ),
336 682 389 723 26
420 667 497 722 [ἐπ’
529 687 628 723 iouis
659 684 696 723 A
730 686 810 722 ulla
841 686 939 722 iouis
971 681 1005 721 Β
1065 684 1115 721 ib.
1140 681 1195 721 3«)
1224 695 1296 721 cur
1327 695 1398 720 sna
1429 688 1542 720 sescla
1573 682 1610 720 A

94 769 167 794 ew·
197 769 270 795 sua
300 769 420 796 sacra
452 754 488 795 B
518 763 587 796 etc.

207 832 327 873 Hace
365 833 603 884 sufficient,
644 848 698 874 ex
738 833 893 888 quibus
933 832 1032 873 libri
1067 832 1102 872 B
1134 839 1285 874 natura
1324 830 1609 885 intellegatur.

95 906 145 947 In
183 920 308 961 quem
347 920 442 946 cum
480 920 534 947 ex
572 906 690 947 fonto
731 908 835 947 satis
875 906 985 945 bono
1023 907 1183 961 quique
1219 905 1274 945 ab
1306 906 1343 945 A
1376 904 1491 945 nullo
1523 904 1612 944 fere

94 978 320 1021 interuallo
352 977 532 1020 distaret
564 979 784 1021 deriuatus
817 980 873 1020 sit
883 1012 894 1032 ,
927 987 1070 1020 tamen
1103 993 1125 1018 a
1157 978 1361 1034 temporis
1395 992 1477 1033 quo
1509 977 1612 1017 scri-

94 1058 192 1108 ptus
225 1058 288 1093 est
318 1052 505 1105 ratione,
539 1067 620 1108 quo
649 1060 841 1108 tempore
871 1051 1116 1106 corrigendi
1147 1052 1191 1092 in
1223 1066 1346 1092 usum
1378 1049 1611 1105 legentium

94 1131 238 1166 textus
279 1126 468 1167 studium
513 1125 700 1167 effloruit
721 1127 770 1179 Γ),
816 1126 920 1166 satis
967 1124 1091 1165 multi
1137 1125 1387 1165 inuaserunt
1433 1136 1611 1175 errores,

95 1197 250 1252 quibus
280 1199 512 1240 auctoritas
545 1199 635 1239 eius
666 1198 794 1239 ualde
824 1199 1044 1239 minuitur.

207 1270 370 1322 Quinto
403 1270 492 1312 loco
524 1272 722 1327 ponenda
752 1271 956 1312 uidentur
986 1280 1228 1311 EXCERPTA
1259 1269 1508 1311 SCALIGERI
1533 1270 1610 1322 (O)

95 1358 275 1399 quorum
306 1351 582 1401 conspectum
615 1344 794 1385 Heinsio
827 1344 1032 1385 debemus
1066 1342 1178 1397 (cod.
1210 1342 1316 1383 bibl.
1348 1357 1437 1397 reg.
1470 1341 1611 1383 Berol.

101 1417 241 1471 1076),
274 1418 347 1473 qui
378 1418 470 1473 ipse
503 1419 652 1473 quanti
684 1419 769 1459 sint
800 1418 927 1473 pretii
959 1416 1103 1457 uerbis
1136 1415 1444 1470 declarauit²)‚
1477 1430 1534 1467 re,
1566 1422 1611 1455 ut

95 1488 203 1531 solet
233 1493 519 1533 recentiorum
552 1490 757 1532 librorum
790 1489 1015 1545 elegantiis
1049 1488 1242 1542 selectis,
1280 1489 1419 1529 minus
1460 1487 1610 1544 proba-

96 1565 173 1604 uit.
234 1563 359 1605 Nunc
398 1564 472 1605 ubi
511 1563 563 1604 de
602 1563 925 1617 Hamburgcnsi
957 1562 1066 1603 libro
1098 1563 1255 1604 rectius
1289 1561 1526 1613 iudicatur,
1559 1576 1612 1601 nc

95 1636 199 1676 haec
258 1637 431 1692 quidem
492 1644 717 1693 excerpta,
789 1651 883 1677 cum
942 1637 1301 1690 Argentoratensi
1369 1635 1610 1675 accuratius

94 1709 375 1765 archetypum
414 1716 667 1765 sequantur,
708 1708 1089 1765 praetermittenda
1131 1716 1242 1750 sunt.
1303 1707 1430 1759 Quod
1463 1707 1610 1763 paucis

95 1782 199 1822 locis
231 1783 275 1822 in
307 1789 539 1839 conspectu
570 1783 724 1838 positis
757 1781 883 1822 facile
915 1780 1181 1836 intellegitur

319 1855 360 1908 Ι,
394 1856 440 1907 9,
472 1856 527 1896 24
564 1870 641 1896 nec
673 1856 911 1910 ignoscitur
940 1880 995 1884 —-
1026 1868 1158 1909 negas
1191 1856 1231 1895 A

565 1943 643 1969 nec
674 1929 839 1983 ignosci
872 1944 945 1969 cur
976 1953 1030 1958 —-—
1060 1942 1192 1982 negas
1225 1928 1261 1967 O

564 2016 643 2042 nec
674 2002 841 2056 ignosci
873 2008 919 2042 tu
950 2028 1002 2031 —
1034 2015 1143 2056 nega
1173 2000 1239 2053 Ββ

296 2074 339 2127 Ι,
376 2075 446 2127 10,
483 2075 532 2116 15
564 2075 709 2115 cuiuos
743 2075 782 2116 A
814 2075 952 2115 cuiuis
985 2075 1052 2128 Οβ
1085 2075 1204 2114 0111115
1237 2073 1272 2113 Β

300 2147 364 2199 ΙΙ,
397 2148 446 2200 3,
480 2148 534 2188 84
564 2147 740 2188 aeithali
772 2147 878 2188 silua
910 2149 980 2201 Αβ

566 2219 690 2261 ithali
722 2219 830 2261 silua
861 2221 898 2262 O

567 2292 669 2334 itala
700 2292 810 2334 silua
840 2292 876 2333 B

300 2365 365 2418 ΙΙ,
399 2367 444 2419 7,
477 2366 531 2408 35
570 2381 721 2407 uerear
751 2381 835 2422 qua
866 2367 883 2408 ἶ
914 2373 1004 2407 reat
1034 2366 1074 2406 A

568 2453 717 2480 uerear
749 2454 831 2495 quo
863 2445 1025 2480 terrear
1053 2440 1080 2491 β

567 2526 717 2553 uerear
747 2526 830 2568 qua
859 2518 907 2553 tu
937 2526 1033 2552 rear
1064 2512 1100 2551 (⁷)

569 2592 713 2626 uertor
743 2586 842 2641 quia
872 2591 915 2625 te
945 2598 1039 2624 rear
1071 2583 1105 2623 Β

194 2710 227 2751 1)
254 2711 337 2742 inde
365 2710 573 2752 repetierim
600 2710 692 2750 quod
717 2712 754 2742 in
780 2711 808 2742 B
834 2711 881 2750 II,
908 2711 938 2748 2,
966 2711 986 2741 8
1004 2719 1055 2750 sq.
1080 2708 1127 2747 ΙΙ,
1152 2708 1184 2745 2,
1209 2709 1251 2739 33
1269 2716 1322 2747 sq.
1349 2705 1489 2747 aliquot
1512 2706 1611 2738 disti>

101 2755 170 2787 cha
194 2757 444 2793 inueniuntur,
479 2755 600 2786 multis
626 2756 847 2786 coniecturis
874 2764 1039 2796 aspersa,
1076 2763 1119 2784 ex
1151 2751 1278 2793 quibus
1305 2755 1389 2792 quot
1415 2750 1611 2792 qualesque

100 2800 263 2832 homiues
291 2801 328 2831 in
361 2800 441 2831 istis
474 2800 564 2831 locis
596 2799 857 2831 desudanerint
893 2798 1133 2840 cognoscitur.
1187 2797 1312 2837 Longe
1346 2796 1453 2827 aliter
1484 2806 1539 2826 res
1573 2807 1611 2826 se

100 2845 213 2876 habet.
243 2846 280 2876 in
313 2845 389 2876 cod.
415 2844 623 2876 Basilecnsi
650 2844 696 2875 cf.
721 2844 976 2885 Bemerlcnnyen
1009 2854 1066 2873 :ur
1092 2841 1473 2881 llandselzriscenlcunde
1498 2851 1529 2881 p.
1559 2843 1609 2873 10,

189 2890 224 2931 2)
252 2890 366 2931 praef.
396 2899 451 2931 ap.
479 2890 671 2921 Burmann.
700 2889 755 2921 III
780 2899 812 2930 p.
842 2890 903 2920 701
925 2888 957 2920 b.

1296 2943 1316 2973 b
1328 2940 1345 2958 *⁵
